%YAML 1.1
%TAG !u! tag:unity3d.com,2011:
--- !u!29 &1
OcclusionCullingSettings:
  m_ObjectHideFlags: 0
  serializedVersion: 2
  m_OcclusionBakeSettings:
    smallestOccluder: 5
    smallestHole: 0.25
    backfaceThreshold: 100
  m_SceneGUID: 00000000000000000000000000000000
  m_OcclusionCullingData: {fileID: 0}
--- !u!104 &2
RenderSettings:
  m_ObjectHideFlags: 0
  serializedVersion: 8
  m_Fog: 0
  m_FogColor: {r: 0.5, g: 0.5, b: 0.5, a: 1}
  m_FogMode: 3
  m_FogDensity: 0.01
  m_LinearFogStart: 0
  m_LinearFogEnd: 300
  m_AmbientSkyColor: {r: 0.2, g: 0.2, b: 0.2, a: 1}
  m_AmbientEquatorColor: {r: 0.2, g: 0.2, b: 0.2, a: 1}
  m_AmbientGroundColor: {r: 0.2, g: 0.2, b: 0.2, a: 1}
  m_AmbientIntensity: 1
  m_AmbientMode: 3
  m_SubtractiveShadowColor: {r: 0.42, g: 0.478, b: 0.627, a: 1}
  m_SkyboxMaterial: {fileID: 0}
  m_HaloStrength: 0.5
  m_FlareStrength: 1
  m_FlareFadeSpeed: 3
  m_HaloTexture: {fileID: 0}
  m_SpotCookie: {fileID: 10001, guid: 0000000000000000e000000000000000, type: 0}
  m_DefaultReflectionMode: 0
  m_DefaultReflectionResolution: 128
  m_ReflectionBounces: 1
  m_ReflectionIntensity: 1
  m_CustomReflection: {fileID: 0}
  m_Sun: {fileID: 0}
  m_IndirectSpecularColor: {r: 0, g: 0, b: 0, a: 1}
--- !u!157 &4
LightmapSettings:
  m_ObjectHideFlags: 0
  serializedVersion: 9
  m_GIWorkflowMode: 1
  m_GISettings:
    serializedVersion: 2
    m_BounceScale: 1
    m_IndirectOutputScale: 1
    m_AlbedoBoost: 1
    m_TemporalCoherenceThreshold: 1
    m_EnvironmentLightingMode: 0
    m_EnableBakedLightmaps: 1
    m_EnableRealtimeLightmaps: 0
  m_LightmapEditorSettings:
    serializedVersion: 8
    m_Resolution: 1
    m_BakeResolution: 50
    m_TextureWidth: 1024
    m_TextureHeight: 1024
    m_AO: 1
    m_AOMaxDistance: 1
    m_CompAOExponent: 1
    m_CompAOExponentDirect: 0
    m_Padding: 2
    m_LightmapParameters: {fileID: 0}
    m_LightmapsBakeMode: 1
    m_TextureCompression: 0
    m_FinalGather: 0
    m_FinalGatherFiltering: 1
    m_FinalGatherRayCount: 256
    m_ReflectionCompression: 2
    m_MixedBakeMode: 1
    m_BakeBackend: 0
    m_PVRSampling: 1
    m_PVRDirectSampleCount: 32
    m_PVRSampleCount: 500
    m_PVRBounces: 2
    m_PVRFiltering: 0
    m_PVRFilteringMode: 1
    m_PVRCulling: 1
    m_PVRFilteringGaussRadiusDirect: 1
    m_PVRFilteringGaussRadiusIndirect: 5
    m_PVRFilteringGaussRadiusAO: 2
    m_PVRFilteringAtrousColorSigma: 1
    m_PVRFilteringAtrousNormalSigma: 1
    m_PVRFilteringAtrousPositionSigma: 1
  m_LightingDataAsset: {fileID: 0}
  m_ShadowMaskMode: 2
--- !u!196 &5
NavMeshSettings:
  serializedVersion: 2
  m_ObjectHideFlags: 0
  m_BuildSettings:
    serializedVersion: 2
    agentTypeID: 0
    agentRadius: 0.5
    agentHeight: 2
    agentSlope: 45
    agentClimb: 0.4
    ledgeDropHeight: 0
    maxJumpAcrossDistance: 0
    minRegionArea: 2
    manualCellSize: 0
    cellSize: 0.16666666
    manualTileSize: 0
    tileSize: 256
    accuratePlacement: 0
  m_NavMeshData: {fileID: 0}
--- !u!1 &3677189
GameObject:
  m_ObjectHideFlags: 0
  m_PrefabParentObject: {fileID: 0}
  m_PrefabInternal: {fileID: 0}
  serializedVersion: 5
  m_Component:
  - component: {fileID: 3677190}
  - component: {fileID: 3677193}
  - component: {fileID: 3677192}
  - component: {fileID: 3677191}
  m_Layer: 5
  m_Name: Canvas
  m_TagString: Untagged
  m_Icon: {fileID: 0}
  m_NavMeshLayer: 0
  m_StaticEditorFlags: 0
  m_IsActive: 1
--- !u!224 &3677190
RectTransform:
  m_ObjectHideFlags: 0
  m_PrefabParentObject: {fileID: 0}
  m_PrefabInternal: {fileID: 0}
  m_GameObject: {fileID: 3677189}
  m_LocalRotation: {x: 0, y: 0, z: 0, w: 1}
  m_LocalPosition: {x: 0, y: 0, z: 0}
  m_LocalScale: {x: 0, y: 0, z: 0}
  m_Children:
  - {fileID: 1679188513}
  m_Father: {fileID: 144754063}
  m_RootOrder: 1
  m_LocalEulerAnglesHint: {x: 0, y: 0, z: 0}
  m_AnchorMin: {x: 0, y: 0}
  m_AnchorMax: {x: 0, y: 0}
  m_AnchoredPosition: {x: 0, y: 0}
  m_SizeDelta: {x: 0, y: 0}
  m_Pivot: {x: 0, y: 0}
--- !u!114 &3677191
MonoBehaviour:
  m_ObjectHideFlags: 0
  m_PrefabParentObject: {fileID: 0}
  m_PrefabInternal: {fileID: 0}
  m_GameObject: {fileID: 3677189}
  m_Enabled: 1
  m_EditorHideFlags: 0
  m_Script: {fileID: 1301386320, guid: f70555f144d8491a825f0804e09c671c, type: 3}
  m_Name: 
  m_EditorClassIdentifier: 
  m_IgnoreReversedGraphics: 1
  m_BlockingObjects: 0
  m_BlockingMask:
    serializedVersion: 2
    m_Bits: 4294967295
--- !u!114 &3677192
MonoBehaviour:
  m_ObjectHideFlags: 0
  m_PrefabParentObject: {fileID: 0}
  m_PrefabInternal: {fileID: 0}
  m_GameObject: {fileID: 3677189}
  m_Enabled: 1
  m_EditorHideFlags: 0
  m_Script: {fileID: 1980459831, guid: f70555f144d8491a825f0804e09c671c, type: 3}
  m_Name: 
  m_EditorClassIdentifier: 
  m_UiScaleMode: 1
  m_ReferencePixelsPerUnit: 100
  m_ScaleFactor: 1
  m_ReferenceResolution: {x: 800, y: 600}
  m_ScreenMatchMode: 0
  m_MatchWidthOrHeight: 0
  m_PhysicalUnit: 3
  m_FallbackScreenDPI: 96
  m_DefaultSpriteDPI: 96
  m_DynamicPixelsPerUnit: 1
--- !u!223 &3677193
Canvas:
  m_ObjectHideFlags: 0
  m_PrefabParentObject: {fileID: 0}
  m_PrefabInternal: {fileID: 0}
  m_GameObject: {fileID: 3677189}
  m_Enabled: 1
  serializedVersion: 3
  m_RenderMode: 1
  m_Camera: {fileID: 900708063}
  m_PlaneDistance: 100
  m_PixelPerfect: 0
  m_ReceivesEvents: 1
  m_OverrideSorting: 0
  m_OverridePixelPerfect: 0
  m_SortingBucketNormalizedSize: 0
  m_AdditionalShaderChannelsFlag: 0
  m_SortingLayerID: 0
  m_SortingOrder: 0
  m_TargetDisplay: 0
--- !u!1 &25573132
GameObject:
  m_ObjectHideFlags: 0
  m_PrefabParentObject: {fileID: 0}
  m_PrefabInternal: {fileID: 0}
  serializedVersion: 5
  m_Component:
  - component: {fileID: 25573133}
  - component: {fileID: 25573135}
  - component: {fileID: 25573134}
  m_Layer: 5
  m_Name: Alt-Tab
  m_TagString: Untagged
  m_Icon: {fileID: 0}
  m_NavMeshLayer: 0
  m_StaticEditorFlags: 0
  m_IsActive: 1
--- !u!224 &25573133
RectTransform:
  m_ObjectHideFlags: 0
  m_PrefabParentObject: {fileID: 0}
  m_PrefabInternal: {fileID: 0}
  m_GameObject: {fileID: 25573132}
  m_LocalRotation: {x: -0, y: -0, z: -0, w: 1}
  m_LocalPosition: {x: 0, y: 0, z: 0}
  m_LocalScale: {x: 1, y: 1, z: 1}
  m_Children: []
  m_Father: {fileID: 1563974220}
  m_RootOrder: 3
  m_LocalEulerAnglesHint: {x: 0, y: 0, z: 0}
  m_AnchorMin: {x: 0.5, y: 0}
  m_AnchorMax: {x: 0.5, y: 1}
  m_AnchoredPosition: {x: 0, y: 12.2499695}
  m_SizeDelta: {x: 793, y: -349.8999}
  m_Pivot: {x: 0.5, y: 0.5}
--- !u!114 &25573134
MonoBehaviour:
  m_ObjectHideFlags: 0
  m_PrefabParentObject: {fileID: 0}
  m_PrefabInternal: {fileID: 0}
  m_GameObject: {fileID: 25573132}
  m_Enabled: 1
  m_EditorHideFlags: 0
  m_Script: {fileID: 708705254, guid: f70555f144d8491a825f0804e09c671c, type: 3}
  m_Name: 
  m_EditorClassIdentifier: 
  m_Material: {fileID: 0}
  m_Color: {r: 1, g: 0, b: 0, a: 1}
  m_RaycastTarget: 1
  m_OnCullStateChanged:
    m_PersistentCalls:
      m_Calls: []
    m_TypeName: UnityEngine.UI.MaskableGraphic+CullStateChangedEvent, UnityEngine.UI,
      Version=1.0.0.0, Culture=neutral, PublicKeyToken=null
  m_FontData:
    m_Font: {fileID: 12800000, guid: b284a6525342f44599e9ce79e37c2d61, type: 3}
    m_FontSize: 35
    m_FontStyle: 0
    m_BestFit: 0
    m_MinSize: 0
    m_MaxSize: 64
    m_Alignment: 1
    m_AlignByGeometry: 0
    m_RichText: 1
    m_HorizontalOverflow: 0
    m_VerticalOverflow: 0
    m_LineSpacing: 1
  m_Text: 'Alt-Tab To Play

'
--- !u!222 &25573135
CanvasRenderer:
  m_ObjectHideFlags: 0
  m_PrefabParentObject: {fileID: 0}
  m_PrefabInternal: {fileID: 0}
  m_GameObject: {fileID: 25573132}
--- !u!1 &34189221
GameObject:
  m_ObjectHideFlags: 0
  m_PrefabParentObject: {fileID: 0}
  m_PrefabInternal: {fileID: 0}
  serializedVersion: 5
  m_Component:
  - component: {fileID: 34189222}
  - component: {fileID: 34189224}
  - component: {fileID: 34189223}
  m_Layer: 0
  m_Name: Placeholder
  m_TagString: Untagged
  m_Icon: {fileID: 0}
  m_NavMeshLayer: 0
  m_StaticEditorFlags: 0
  m_IsActive: 1
--- !u!224 &34189222
RectTransform:
  m_ObjectHideFlags: 0
  m_PrefabParentObject: {fileID: 0}
  m_PrefabInternal: {fileID: 0}
  m_GameObject: {fileID: 34189221}
  m_LocalRotation: {x: 0, y: 0, z: 0, w: 1}
  m_LocalPosition: {x: 0, y: 0, z: 0}
  m_LocalScale: {x: 1, y: 1, z: 1}
  m_Children: []
  m_Father: {fileID: 1965859933}
  m_RootOrder: 0
  m_LocalEulerAnglesHint: {x: 0, y: 0, z: 0}
  m_AnchorMin: {x: 0, y: 0}
  m_AnchorMax: {x: 1, y: 1}
  m_AnchoredPosition: {x: 0, y: -0.5}
  m_SizeDelta: {x: -20, y: -13}
  m_Pivot: {x: 0.5, y: 0.5}
--- !u!114 &34189223
MonoBehaviour:
  m_ObjectHideFlags: 0
  m_PrefabParentObject: {fileID: 0}
  m_PrefabInternal: {fileID: 0}
  m_GameObject: {fileID: 34189221}
  m_Enabled: 1
  m_EditorHideFlags: 0
  m_Script: {fileID: 708705254, guid: f5f67c52d1564df4a8936ccd202a3bd8, type: 3}
  m_Name: 
  m_EditorClassIdentifier: 
  m_Material: {fileID: 0}
  m_Color: {r: 0.6102941, g: 0.6102941, b: 0.6102941, a: 0.5}
  m_RaycastTarget: 1
  m_OnCullStateChanged:
    m_PersistentCalls:
      m_Calls: []
    m_TypeName: UnityEngine.UI.MaskableGraphic+CullStateChangedEvent, UnityEngine.UI,
      Version=1.0.0.0, Culture=neutral, PublicKeyToken=null
  m_FontData:
    m_Font: {fileID: 10102, guid: 0000000000000000e000000000000000, type: 0}
    m_FontSize: 14
    m_FontStyle: 2
    m_BestFit: 0
    m_MinSize: 10
    m_MaxSize: 40
    m_Alignment: 0
    m_AlignByGeometry: 0
    m_RichText: 1
    m_HorizontalOverflow: 0
    m_VerticalOverflow: 0
    m_LineSpacing: 1
  m_Text: Enter answer
--- !u!222 &34189224
CanvasRenderer:
  m_ObjectHideFlags: 0
  m_PrefabParentObject: {fileID: 0}
  m_PrefabInternal: {fileID: 0}
  m_GameObject: {fileID: 34189221}
--- !u!1 &104125117
GameObject:
  m_ObjectHideFlags: 0
  m_PrefabParentObject: {fileID: 0}
  m_PrefabInternal: {fileID: 0}
  serializedVersion: 5
  m_Component:
  - component: {fileID: 104125118}
  - component: {fileID: 104125120}
  - component: {fileID: 104125119}
  m_Layer: 0
  m_Name: ExcelImage
  m_TagString: Untagged
  m_Icon: {fileID: 0}
  m_NavMeshLayer: 0
  m_StaticEditorFlags: 0
  m_IsActive: 1
--- !u!224 &104125118
RectTransform:
  m_ObjectHideFlags: 0
  m_PrefabParentObject: {fileID: 0}
  m_PrefabInternal: {fileID: 0}
  m_GameObject: {fileID: 104125117}
  m_LocalRotation: {x: 0, y: 0, z: 0, w: 1}
  m_LocalPosition: {x: 0, y: 0, z: 0}
  m_LocalScale: {x: 1, y: 1, z: 1}
  m_Children: []
  m_Father: {fileID: 1055513798}
  m_RootOrder: 0
  m_LocalEulerAnglesHint: {x: 0, y: 0, z: 0}
  m_AnchorMin: {x: 0, y: 0}
  m_AnchorMax: {x: 1, y: 1}
  m_AnchoredPosition: {x: 6, y: 42}
  m_SizeDelta: {x: -132, y: -152}
  m_Pivot: {x: 0.5, y: 0.5}
--- !u!114 &104125119
MonoBehaviour:
  m_ObjectHideFlags: 0
  m_PrefabParentObject: {fileID: 0}
  m_PrefabInternal: {fileID: 0}
  m_GameObject: {fileID: 104125117}
  m_Enabled: 1
  m_EditorHideFlags: 0
  m_Script: {fileID: -765806418, guid: f70555f144d8491a825f0804e09c671c, type: 3}
  m_Name: 
  m_EditorClassIdentifier: 
  m_Material: {fileID: 0}
  m_Color: {r: 1, g: 1, b: 1, a: 1}
  m_RaycastTarget: 1
  m_OnCullStateChanged:
    m_PersistentCalls:
      m_Calls: []
    m_TypeName: UnityEngine.UI.MaskableGraphic+CullStateChangedEvent, UnityEngine.UI,
      Version=1.0.0.0, Culture=neutral, PublicKeyToken=null
  m_Sprite: {fileID: 21300000, guid: e7432cf7278364a5ebb3b65e90203eb8, type: 3}
  m_Type: 0
  m_PreserveAspect: 0
  m_FillCenter: 1
  m_FillMethod: 4
  m_FillAmount: 1
  m_FillClockwise: 1
  m_FillOrigin: 0
--- !u!222 &104125120
CanvasRenderer:
  m_ObjectHideFlags: 0
  m_PrefabParentObject: {fileID: 0}
  m_PrefabInternal: {fileID: 0}
  m_GameObject: {fileID: 104125117}
--- !u!1 &144754062
GameObject:
  m_ObjectHideFlags: 0
  m_PrefabParentObject: {fileID: 0}
  m_PrefabInternal: {fileID: 0}
  serializedVersion: 5
  m_Component:
  - component: {fileID: 144754063}
  m_Layer: 0
  m_Name: Facebook
  m_TagString: Untagged
  m_Icon: {fileID: 0}
  m_NavMeshLayer: 0
  m_StaticEditorFlags: 0
  m_IsActive: 1
--- !u!4 &144754063
Transform:
  m_ObjectHideFlags: 0
  m_PrefabParentObject: {fileID: 0}
  m_PrefabInternal: {fileID: 0}
  m_GameObject: {fileID: 144754062}
  m_LocalRotation: {x: 0, y: 0, z: 0, w: 1}
  m_LocalPosition: {x: 712, y: 384, z: 0}
  m_LocalScale: {x: 1, y: 1, z: 1}
  m_Children:
  - {fileID: 900708067}
  - {fileID: 3677190}
  m_Father: {fileID: 0}
  m_RootOrder: 7
  m_LocalEulerAnglesHint: {x: 0, y: 0, z: 0}
--- !u!1 &230718543
GameObject:
  m_ObjectHideFlags: 0
  m_PrefabParentObject: {fileID: 0}
  m_PrefabInternal: {fileID: 0}
  serializedVersion: 5
  m_Component:
  - component: {fileID: 230718544}
  - component: {fileID: 230718546}
  - component: {fileID: 230718545}
  m_Layer: 0
  m_Name: EquationText
  m_TagString: Untagged
  m_Icon: {fileID: 0}
  m_NavMeshLayer: 0
  m_StaticEditorFlags: 0
  m_IsActive: 1
--- !u!224 &230718544
RectTransform:
  m_ObjectHideFlags: 0
  m_PrefabParentObject: {fileID: 0}
  m_PrefabInternal: {fileID: 0}
  m_GameObject: {fileID: 230718543}
  m_LocalRotation: {x: 0, y: 0, z: 0, w: 1}
  m_LocalPosition: {x: 0, y: 0, z: 0}
  m_LocalScale: {x: 1, y: 1, z: 1}
  m_Children: []
  m_Father: {fileID: 1055513798}
  m_RootOrder: 4
  m_LocalEulerAnglesHint: {x: 0, y: 0, z: 0}
  m_AnchorMin: {x: 1, y: 1}
  m_AnchorMax: {x: 1, y: 1}
  m_AnchoredPosition: {x: -170, y: -260}
  m_SizeDelta: {x: 190, y: 50}
  m_Pivot: {x: 0.5, y: 0.5}
--- !u!114 &230718545
MonoBehaviour:
  m_ObjectHideFlags: 0
  m_PrefabParentObject: {fileID: 0}
  m_PrefabInternal: {fileID: 0}
  m_GameObject: {fileID: 230718543}
  m_Enabled: 1
  m_EditorHideFlags: 0
  m_Script: {fileID: 708705254, guid: f5f67c52d1564df4a8936ccd202a3bd8, type: 3}
  m_Name: 
  m_EditorClassIdentifier: 
  m_Material: {fileID: 0}
  m_Color: {r: 0.19607843, g: 0.19607843, b: 0.19607843, a: 1}
  m_RaycastTarget: 1
  m_OnCullStateChanged:
    m_PersistentCalls:
      m_Calls: []
    m_TypeName: UnityEngine.UI.MaskableGraphic+CullStateChangedEvent, UnityEngine.UI,
      Version=1.0.0.0, Culture=neutral, PublicKeyToken=null
  m_FontData:
    m_Font: {fileID: 10102, guid: 0000000000000000e000000000000000, type: 0}
    m_FontSize: 14
    m_FontStyle: 0
    m_BestFit: 0
    m_MinSize: 10
    m_MaxSize: 40
    m_Alignment: 0
    m_AlignByGeometry: 0
    m_RichText: 1
    m_HorizontalOverflow: 0
    m_VerticalOverflow: 0
    m_LineSpacing: 1
  m_Text: New Text
--- !u!222 &230718546
CanvasRenderer:
  m_ObjectHideFlags: 0
  m_PrefabParentObject: {fileID: 0}
  m_PrefabInternal: {fileID: 0}
  m_GameObject: {fileID: 230718543}
--- !u!1 &270698615
GameObject:
  m_ObjectHideFlags: 0
  m_PrefabParentObject: {fileID: 0}
  m_PrefabInternal: {fileID: 0}
  serializedVersion: 5
  m_Component:
  - component: {fileID: 270698616}
  - component: {fileID: 270698618}
  - component: {fileID: 270698617}
  m_Layer: 5
  m_Name: CatTube Screenshot
  m_TagString: Untagged
  m_Icon: {fileID: 0}
  m_NavMeshLayer: 0
  m_StaticEditorFlags: 0
  m_IsActive: 1
--- !u!224 &270698616
RectTransform:
  m_ObjectHideFlags: 0
  m_PrefabParentObject: {fileID: 0}
  m_PrefabInternal: {fileID: 0}
  m_GameObject: {fileID: 270698615}
  m_LocalRotation: {x: 0, y: 0, z: 0, w: 1}
  m_LocalPosition: {x: 0, y: 0, z: 0}
  m_LocalScale: {x: 1, y: 1, z: 1}
  m_Children: []
  m_Father: {fileID: 478322985}
  m_RootOrder: 0
  m_LocalEulerAnglesHint: {x: 0, y: 0, z: 0}
  m_AnchorMin: {x: 0, y: 0}
  m_AnchorMax: {x: 1, y: 1}
  m_AnchoredPosition: {x: 6.0000305, y: 41.999977}
  m_SizeDelta: {x: -132.00006, y: -152.00005}
  m_Pivot: {x: 0.5, y: 0.5}
--- !u!114 &270698617
MonoBehaviour:
  m_ObjectHideFlags: 0
  m_PrefabParentObject: {fileID: 0}
  m_PrefabInternal: {fileID: 0}
  m_GameObject: {fileID: 270698615}
  m_Enabled: 1
  m_EditorHideFlags: 0
  m_Script: {fileID: -765806418, guid: f70555f144d8491a825f0804e09c671c, type: 3}
  m_Name: 
  m_EditorClassIdentifier: 
  m_Material: {fileID: 0}
  m_Color: {r: 1, g: 1, b: 1, a: 1}
  m_RaycastTarget: 1
  m_OnCullStateChanged:
    m_PersistentCalls:
      m_Calls: []
    m_TypeName: UnityEngine.UI.MaskableGraphic+CullStateChangedEvent, UnityEngine.UI,
      Version=1.0.0.0, Culture=neutral, PublicKeyToken=null
  m_Sprite: {fileID: 21300000, guid: 6a0521f443fc844f38fb2182b245c30d, type: 3}
  m_Type: 0
  m_PreserveAspect: 0
  m_FillCenter: 1
  m_FillMethod: 4
  m_FillAmount: 1
  m_FillClockwise: 1
  m_FillOrigin: 0
--- !u!222 &270698618
CanvasRenderer:
  m_ObjectHideFlags: 0
  m_PrefabParentObject: {fileID: 0}
  m_PrefabInternal: {fileID: 0}
  m_GameObject: {fileID: 270698615}
--- !u!1001 &302189272
Prefab:
  m_ObjectHideFlags: 0
  serializedVersion: 2
  m_Modification:
    m_TransformParent: {fileID: 1985000549}
    m_Modifications:
    - target: {fileID: 4840016517042992, guid: 701403784697744c6bee297fb41ed4cd, type: 2}
      propertyPath: m_LocalPosition.x
      value: -2778.9602
      objectReference: {fileID: 0}
    - target: {fileID: 4840016517042992, guid: 701403784697744c6bee297fb41ed4cd, type: 2}
      propertyPath: m_LocalPosition.y
      value: -347.20825
      objectReference: {fileID: 0}
    - target: {fileID: 4840016517042992, guid: 701403784697744c6bee297fb41ed4cd, type: 2}
      propertyPath: m_LocalPosition.z
      value: 90
      objectReference: {fileID: 0}
    - target: {fileID: 4840016517042992, guid: 701403784697744c6bee297fb41ed4cd, type: 2}
      propertyPath: m_LocalRotation.x
      value: -0
      objectReference: {fileID: 0}
    - target: {fileID: 4840016517042992, guid: 701403784697744c6bee297fb41ed4cd, type: 2}
      propertyPath: m_LocalRotation.y
      value: -0
      objectReference: {fileID: 0}
    - target: {fileID: 4840016517042992, guid: 701403784697744c6bee297fb41ed4cd, type: 2}
      propertyPath: m_LocalRotation.z
      value: -0
      objectReference: {fileID: 0}
    - target: {fileID: 4840016517042992, guid: 701403784697744c6bee297fb41ed4cd, type: 2}
      propertyPath: m_LocalRotation.w
      value: 1
      objectReference: {fileID: 0}
    - target: {fileID: 4840016517042992, guid: 701403784697744c6bee297fb41ed4cd, type: 2}
      propertyPath: m_RootOrder
      value: 2
      objectReference: {fileID: 0}
    m_RemovedComponents: []
  m_ParentPrefab: {fileID: 100100000, guid: 701403784697744c6bee297fb41ed4cd, type: 2}
  m_IsPrefabParent: 0
--- !u!1 &325072655
GameObject:
  m_ObjectHideFlags: 0
  m_PrefabParentObject: {fileID: 1334773632826494, guid: 67457b4cc6c554c9eacd5b721f2bad39,
    type: 2}
  m_PrefabInternal: {fileID: 367995556}
  serializedVersion: 5
  m_Component:
  - component: {fileID: 325072660}
  - component: {fileID: 325072659}
  - component: {fileID: 325072658}
  - component: {fileID: 325072657}
  - component: {fileID: 325072656}
  m_Layer: 0
  m_Name: Excel Camera
  m_TagString: Untagged
  m_Icon: {fileID: 3936346786652291628, guid: 0000000000000000d000000000000000, type: 0}
  m_NavMeshLayer: 0
  m_StaticEditorFlags: 0
  m_IsActive: 1
--- !u!114 &325072656
MonoBehaviour:
  m_ObjectHideFlags: 0
  m_PrefabParentObject: {fileID: 0}
  m_PrefabInternal: {fileID: 0}
  m_GameObject: {fileID: 325072655}
  m_Enabled: 1
  m_EditorHideFlags: 0
  m_Script: {fileID: 11500000, guid: 86c6556701af9e04380698b89f691b6e, type: 3}
  m_Name: 
  m_EditorClassIdentifier: 
  ListenerNumber: 0
--- !u!92 &325072657
Behaviour:
  m_ObjectHideFlags: 0
  m_PrefabParentObject: {fileID: 92079066580890430, guid: 67457b4cc6c554c9eacd5b721f2bad39,
    type: 2}
  m_PrefabInternal: {fileID: 367995556}
  m_GameObject: {fileID: 325072655}
  m_Enabled: 1
--- !u!124 &325072658
Behaviour:
  m_ObjectHideFlags: 0
  m_PrefabParentObject: {fileID: 124152988133661558, guid: 67457b4cc6c554c9eacd5b721f2bad39,
    type: 2}
  m_PrefabInternal: {fileID: 367995556}
  m_GameObject: {fileID: 325072655}
  m_Enabled: 1
--- !u!20 &325072659
Camera:
  m_ObjectHideFlags: 0
  m_PrefabParentObject: {fileID: 20600204954891910, guid: 67457b4cc6c554c9eacd5b721f2bad39,
    type: 2}
  m_PrefabInternal: {fileID: 367995556}
  m_GameObject: {fileID: 325072655}
  m_Enabled: 1
  serializedVersion: 2
  m_ClearFlags: 1
  m_BackGroundColor: {r: 0, g: 0.7352941, b: 0.09634898, a: 0}
  m_NormalizedViewPortRect:
    serializedVersion: 2
    x: 0
    y: 0
    width: 1
    height: 1
  near clip plane: 0.3
  far clip plane: 1000
  field of view: 60
  orthographic: 1
  orthographic size: 5
  m_Depth: -1
  m_CullingMask:
    serializedVersion: 2
    m_Bits: 4294967295
  m_RenderingPath: -1
  m_TargetTexture: {fileID: 0}
  m_TargetDisplay: 0
  m_TargetEye: 3
  m_HDR: 0
  m_AllowMSAA: 1
  m_ForceIntoRT: 0
  m_OcclusionCulling: 1
  m_StereoConvergence: 10
  m_StereoSeparation: 0.022
  m_StereoMirrorMode: 0
--- !u!4 &325072660
Transform:
  m_ObjectHideFlags: 0
  m_PrefabParentObject: {fileID: 4110526986586646, guid: 67457b4cc6c554c9eacd5b721f2bad39,
    type: 2}
  m_PrefabInternal: {fileID: 367995556}
  m_GameObject: {fileID: 325072655}
  m_LocalRotation: {x: -0, y: -0, z: -0, w: 1}
  m_LocalPosition: {x: -2786, y: -349, z: -10}
  m_LocalScale: {x: 1, y: 1, z: 1}
  m_Children: []
  m_Father: {fileID: 1985000549}
  m_RootOrder: 0
  m_LocalEulerAnglesHint: {x: 0, y: 0, z: 0}
--- !u!1001 &342112452
Prefab:
  m_ObjectHideFlags: 0
  serializedVersion: 2
  m_Modification:
    m_TransformParent: {fileID: 144754063}
    m_Modifications:
    - target: {fileID: 4110526986586646, guid: 67457b4cc6c554c9eacd5b721f2bad39, type: 2}
      propertyPath: m_LocalPosition.x
      value: -1012
      objectReference: {fileID: 0}
    - target: {fileID: 4110526986586646, guid: 67457b4cc6c554c9eacd5b721f2bad39, type: 2}
      propertyPath: m_LocalPosition.y
      value: 35
      objectReference: {fileID: 0}
    - target: {fileID: 4110526986586646, guid: 67457b4cc6c554c9eacd5b721f2bad39, type: 2}
      propertyPath: m_LocalPosition.z
      value: -10
      objectReference: {fileID: 0}
    - target: {fileID: 4110526986586646, guid: 67457b4cc6c554c9eacd5b721f2bad39, type: 2}
      propertyPath: m_LocalRotation.x
      value: -0
      objectReference: {fileID: 0}
    - target: {fileID: 4110526986586646, guid: 67457b4cc6c554c9eacd5b721f2bad39, type: 2}
      propertyPath: m_LocalRotation.y
      value: -0
      objectReference: {fileID: 0}
    - target: {fileID: 4110526986586646, guid: 67457b4cc6c554c9eacd5b721f2bad39, type: 2}
      propertyPath: m_LocalRotation.z
      value: -0
      objectReference: {fileID: 0}
    - target: {fileID: 4110526986586646, guid: 67457b4cc6c554c9eacd5b721f2bad39, type: 2}
      propertyPath: m_LocalRotation.w
      value: 1
      objectReference: {fileID: 0}
    - target: {fileID: 4110526986586646, guid: 67457b4cc6c554c9eacd5b721f2bad39, type: 2}
      propertyPath: m_RootOrder
      value: 0
      objectReference: {fileID: 0}
    - target: {fileID: 20600204954891910, guid: 67457b4cc6c554c9eacd5b721f2bad39,
        type: 2}
      propertyPath: m_BackGroundColor.r
      value: 0
      objectReference: {fileID: 0}
    - target: {fileID: 20600204954891910, guid: 67457b4cc6c554c9eacd5b721f2bad39,
        type: 2}
      propertyPath: m_BackGroundColor.g
      value: 0.006896496
      objectReference: {fileID: 0}
    - target: {fileID: 20600204954891910, guid: 67457b4cc6c554c9eacd5b721f2bad39,
        type: 2}
      propertyPath: m_BackGroundColor.b
      value: 1
      objectReference: {fileID: 0}
    - target: {fileID: 1334773632826494, guid: 67457b4cc6c554c9eacd5b721f2bad39, type: 2}
      propertyPath: m_IsActive
      value: 1
      objectReference: {fileID: 0}
    - target: {fileID: 1334773632826494, guid: 67457b4cc6c554c9eacd5b721f2bad39, type: 2}
      propertyPath: m_Name
      value: Facebook Camera
      objectReference: {fileID: 0}
    - target: {fileID: 1334773632826494, guid: 67457b4cc6c554c9eacd5b721f2bad39, type: 2}
      propertyPath: m_TagString
      value: Untagged
      objectReference: {fileID: 0}
    m_RemovedComponents:
    - {fileID: 0}
  m_ParentPrefab: {fileID: 100100000, guid: 67457b4cc6c554c9eacd5b721f2bad39, type: 2}
  m_IsPrefabParent: 0
--- !u!1001 &350813547
Prefab:
  m_ObjectHideFlags: 0
  serializedVersion: 2
  m_Modification:
    m_TransformParent: {fileID: 0}
    m_Modifications:
    - target: {fileID: 11433656, guid: 1ca8c6e960c494bbd937610290f80d1b, type: 2}
      propertyPath: cameras.Array.size
      value: 5
      objectReference: {fileID: 0}
    - target: {fileID: 433658, guid: 1ca8c6e960c494bbd937610290f80d1b, type: 2}
      propertyPath: m_LocalPosition.x
      value: 0
      objectReference: {fileID: 0}
    - target: {fileID: 433658, guid: 1ca8c6e960c494bbd937610290f80d1b, type: 2}
      propertyPath: m_LocalPosition.y
      value: 0
      objectReference: {fileID: 0}
    - target: {fileID: 433658, guid: 1ca8c6e960c494bbd937610290f80d1b, type: 2}
      propertyPath: m_LocalPosition.z
      value: 0
      objectReference: {fileID: 0}
    - target: {fileID: 433658, guid: 1ca8c6e960c494bbd937610290f80d1b, type: 2}
      propertyPath: m_LocalRotation.x
      value: 0
      objectReference: {fileID: 0}
    - target: {fileID: 433658, guid: 1ca8c6e960c494bbd937610290f80d1b, type: 2}
      propertyPath: m_LocalRotation.y
      value: 0
      objectReference: {fileID: 0}
    - target: {fileID: 433658, guid: 1ca8c6e960c494bbd937610290f80d1b, type: 2}
      propertyPath: m_LocalRotation.z
      value: 0
      objectReference: {fileID: 0}
    - target: {fileID: 433658, guid: 1ca8c6e960c494bbd937610290f80d1b, type: 2}
      propertyPath: m_LocalRotation.w
      value: 1
      objectReference: {fileID: 0}
    - target: {fileID: 433658, guid: 1ca8c6e960c494bbd937610290f80d1b, type: 2}
      propertyPath: m_RootOrder
      value: 0
      objectReference: {fileID: 0}
    - target: {fileID: 11433656, guid: 1ca8c6e960c494bbd937610290f80d1b, type: 2}
      propertyPath: cameras.Array.data[0]
      value: 
      objectReference: {fileID: 849347071}
    - target: {fileID: 11433656, guid: 1ca8c6e960c494bbd937610290f80d1b, type: 2}
      propertyPath: cameras.Array.data[1]
      value: 
      objectReference: {fileID: 325072659}
    - target: {fileID: 11433656, guid: 1ca8c6e960c494bbd937610290f80d1b, type: 2}
      propertyPath: cameras.Array.data[2]
      value: 
      objectReference: {fileID: 1171643563}
    - target: {fileID: 11433656, guid: 1ca8c6e960c494bbd937610290f80d1b, type: 2}
      propertyPath: spreadsheetSnapshot
      value: event:/snapshots/spreadsheet_snapshot
      objectReference: {fileID: 0}
    - target: {fileID: 11433656, guid: 1ca8c6e960c494bbd937610290f80d1b, type: 2}
      propertyPath: spreadsheetSnapshotEvent
      value: event:/snapshots/spreadsheet_snapshot
      objectReference: {fileID: 0}
    - target: {fileID: 11433656, guid: 1ca8c6e960c494bbd937610290f80d1b, type: 2}
      propertyPath: platformerSnapshotEvent
      value: event:/snapshots/platformer_snapshot
      objectReference: {fileID: 0}
    - target: {fileID: 11433656, guid: 1ca8c6e960c494bbd937610290f80d1b, type: 2}
      propertyPath: cameras.Array.data[3]
      value: 
      objectReference: {fileID: 1506751358}
    - target: {fileID: 11433656, guid: 1ca8c6e960c494bbd937610290f80d1b, type: 2}
      propertyPath: cameras.Array.data[4]
      value: 
      objectReference: {fileID: 900708063}
    - target: {fileID: 11433656, guid: 1ca8c6e960c494bbd937610290f80d1b, type: 2}
      propertyPath: cameras.Array.data[5]
      value: 
      objectReference: {fileID: 1506751358}
    - target: {fileID: 11433656, guid: 1ca8c6e960c494bbd937610290f80d1b, type: 2}
      propertyPath: cameras.Array.data[6]
      value: 
      objectReference: {fileID: 1506751358}
    - target: {fileID: 11433656, guid: 1ca8c6e960c494bbd937610290f80d1b, type: 2}
      propertyPath: cameras.Array.data[7]
      value: 
      objectReference: {fileID: 1506751358}
    - target: {fileID: 11433656, guid: 1ca8c6e960c494bbd937610290f80d1b, type: 2}
      propertyPath: cameras.Array.data[8]
      value: 
      objectReference: {fileID: 1506751358}
    - target: {fileID: 11433656, guid: 1ca8c6e960c494bbd937610290f80d1b, type: 2}
      propertyPath: cameras.Array.data[9]
      value: 
      objectReference: {fileID: 1506751358}
    - target: {fileID: 11433656, guid: 1ca8c6e960c494bbd937610290f80d1b, type: 2}
      propertyPath: cameras.Array.data[10]
      value: 
      objectReference: {fileID: 1506751358}
    - target: {fileID: 11433656, guid: 1ca8c6e960c494bbd937610290f80d1b, type: 2}
      propertyPath: cameras.Array.data[11]
      value: 
      objectReference: {fileID: 1506751358}
    - target: {fileID: 11433656, guid: 1ca8c6e960c494bbd937610290f80d1b, type: 2}
      propertyPath: cameras.Array.data[12]
      value: 
      objectReference: {fileID: 1506751358}
    - target: {fileID: 11433656, guid: 1ca8c6e960c494bbd937610290f80d1b, type: 2}
      propertyPath: cameras.Array.data[13]
      value: 
      objectReference: {fileID: 1506751358}
    - target: {fileID: 11433656, guid: 1ca8c6e960c494bbd937610290f80d1b, type: 2}
      propertyPath: cameras.Array.data[14]
      value: 
      objectReference: {fileID: 1506751358}
    - target: {fileID: 11433656, guid: 1ca8c6e960c494bbd937610290f80d1b, type: 2}
      propertyPath: cameras.Array.data[15]
      value: 
      objectReference: {fileID: 1506751358}
    - target: {fileID: 11433656, guid: 1ca8c6e960c494bbd937610290f80d1b, type: 2}
      propertyPath: cameras.Array.data[16]
      value: 
      objectReference: {fileID: 1506751358}
    - target: {fileID: 11433656, guid: 1ca8c6e960c494bbd937610290f80d1b, type: 2}
      propertyPath: cameras.Array.data[17]
      value: 
      objectReference: {fileID: 1506751358}
    - target: {fileID: 11433656, guid: 1ca8c6e960c494bbd937610290f80d1b, type: 2}
      propertyPath: cameras.Array.data[18]
      value: 
      objectReference: {fileID: 1506751358}
    - target: {fileID: 11433656, guid: 1ca8c6e960c494bbd937610290f80d1b, type: 2}
      propertyPath: cameras.Array.data[19]
      value: 
      objectReference: {fileID: 1506751358}
    - target: {fileID: 11433656, guid: 1ca8c6e960c494bbd937610290f80d1b, type: 2}
      propertyPath: cameras.Array.data[20]
      value: 
      objectReference: {fileID: 1506751358}
    - target: {fileID: 11433656, guid: 1ca8c6e960c494bbd937610290f80d1b, type: 2}
      propertyPath: cameras.Array.data[21]
      value: 
      objectReference: {fileID: 1506751358}
    - target: {fileID: 11433656, guid: 1ca8c6e960c494bbd937610290f80d1b, type: 2}
      propertyPath: cameras.Array.data[22]
      value: 
      objectReference: {fileID: 1506751358}
    - target: {fileID: 11433656, guid: 1ca8c6e960c494bbd937610290f80d1b, type: 2}
      propertyPath: cameras.Array.data[23]
      value: 
      objectReference: {fileID: 1506751358}
    - target: {fileID: 11433656, guid: 1ca8c6e960c494bbd937610290f80d1b, type: 2}
      propertyPath: cameras.Array.data[24]
      value: 
      objectReference: {fileID: 1506751358}
    - target: {fileID: 11433656, guid: 1ca8c6e960c494bbd937610290f80d1b, type: 2}
      propertyPath: cameras.Array.data[25]
      value: 
      objectReference: {fileID: 1506751358}
    - target: {fileID: 11433656, guid: 1ca8c6e960c494bbd937610290f80d1b, type: 2}
      propertyPath: cameras.Array.data[26]
      value: 
      objectReference: {fileID: 1506751358}
    - target: {fileID: 11433656, guid: 1ca8c6e960c494bbd937610290f80d1b, type: 2}
      propertyPath: cameras.Array.data[27]
      value: 
      objectReference: {fileID: 1506751358}
    - target: {fileID: 11433656, guid: 1ca8c6e960c494bbd937610290f80d1b, type: 2}
      propertyPath: cameras.Array.data[28]
      value: 
      objectReference: {fileID: 1506751358}
    - target: {fileID: 11433656, guid: 1ca8c6e960c494bbd937610290f80d1b, type: 2}
      propertyPath: cameras.Array.data[29]
      value: 
      objectReference: {fileID: 1506751358}
    - target: {fileID: 11433656, guid: 1ca8c6e960c494bbd937610290f80d1b, type: 2}
      propertyPath: cameras.Array.data[30]
      value: 
      objectReference: {fileID: 1506751358}
    - target: {fileID: 11433656, guid: 1ca8c6e960c494bbd937610290f80d1b, type: 2}
      propertyPath: cameras.Array.data[31]
      value: 
      objectReference: {fileID: 1506751358}
    - target: {fileID: 11433656, guid: 1ca8c6e960c494bbd937610290f80d1b, type: 2}
      propertyPath: cameras.Array.data[32]
      value: 
      objectReference: {fileID: 1506751358}
    - target: {fileID: 11433656, guid: 1ca8c6e960c494bbd937610290f80d1b, type: 2}
      propertyPath: cameras.Array.data[33]
      value: 
      objectReference: {fileID: 1506751358}
    - target: {fileID: 11433656, guid: 1ca8c6e960c494bbd937610290f80d1b, type: 2}
      propertyPath: cameras.Array.data[34]
      value: 
      objectReference: {fileID: 1506751358}
    - target: {fileID: 11433656, guid: 1ca8c6e960c494bbd937610290f80d1b, type: 2}
      propertyPath: cameras.Array.data[35]
      value: 
      objectReference: {fileID: 1506751358}
    - target: {fileID: 11433656, guid: 1ca8c6e960c494bbd937610290f80d1b, type: 2}
      propertyPath: cameras.Array.data[36]
      value: 
      objectReference: {fileID: 1506751358}
    - target: {fileID: 11433656, guid: 1ca8c6e960c494bbd937610290f80d1b, type: 2}
      propertyPath: cameras.Array.data[37]
      value: 
      objectReference: {fileID: 1506751358}
    - target: {fileID: 11433656, guid: 1ca8c6e960c494bbd937610290f80d1b, type: 2}
      propertyPath: cameras.Array.data[38]
      value: 
      objectReference: {fileID: 1506751358}
    - target: {fileID: 11433656, guid: 1ca8c6e960c494bbd937610290f80d1b, type: 2}
      propertyPath: cameras.Array.data[39]
      value: 
      objectReference: {fileID: 1506751358}
    - target: {fileID: 11433656, guid: 1ca8c6e960c494bbd937610290f80d1b, type: 2}
      propertyPath: cameras.Array.data[40]
      value: 
      objectReference: {fileID: 1506751358}
    - target: {fileID: 11433656, guid: 1ca8c6e960c494bbd937610290f80d1b, type: 2}
      propertyPath: cameras.Array.data[41]
      value: 
      objectReference: {fileID: 1506751358}
    - target: {fileID: 11433656, guid: 1ca8c6e960c494bbd937610290f80d1b, type: 2}
      propertyPath: cameras.Array.data[42]
      value: 
      objectReference: {fileID: 1506751358}
    - target: {fileID: 11433656, guid: 1ca8c6e960c494bbd937610290f80d1b, type: 2}
      propertyPath: boss
      value: 
      objectReference: {fileID: 1809229013}
    - target: {fileID: 11433656, guid: 1ca8c6e960c494bbd937610290f80d1b, type: 2}
      propertyPath: mainTitle
      value: 
      objectReference: {fileID: 25573134}
    - target: {fileID: 11433656, guid: 1ca8c6e960c494bbd937610290f80d1b, type: 2}
      propertyPath: isBossWatching
      value: 0
      objectReference: {fileID: 0}
    - target: {fileID: 11433656, guid: 1ca8c6e960c494bbd937610290f80d1b, type: 2}
      propertyPath: desktop
      value: 
      objectReference: {fileID: 533008006}
    - target: {fileID: 11433656, guid: 1ca8c6e960c494bbd937610290f80d1b, type: 2}
      propertyPath: cameras.Array.data[43]
      value: 
      objectReference: {fileID: 1506751358}
    - target: {fileID: 11433656, guid: 1ca8c6e960c494bbd937610290f80d1b, type: 2}
      propertyPath: cameras.Array.data[44]
      value: 
      objectReference: {fileID: 1506751358}
    - target: {fileID: 11433656, guid: 1ca8c6e960c494bbd937610290f80d1b, type: 2}
      propertyPath: cameras.Array.data[45]
      value: 
      objectReference: {fileID: 1506751358}
    - target: {fileID: 11433656, guid: 1ca8c6e960c494bbd937610290f80d1b, type: 2}
      propertyPath: cameras.Array.data[46]
      value: 
      objectReference: {fileID: 1506751358}
    - target: {fileID: 11433656, guid: 1ca8c6e960c494bbd937610290f80d1b, type: 2}
      propertyPath: cameras.Array.data[47]
      value: 
      objectReference: {fileID: 1506751358}
    - target: {fileID: 11433656, guid: 1ca8c6e960c494bbd937610290f80d1b, type: 2}
      propertyPath: cameras.Array.data[48]
      value: 
      objectReference: {fileID: 1506751358}
    - target: {fileID: 11433656, guid: 1ca8c6e960c494bbd937610290f80d1b, type: 2}
      propertyPath: cameras.Array.data[49]
      value: 
      objectReference: {fileID: 1506751358}
    - target: {fileID: 11433656, guid: 1ca8c6e960c494bbd937610290f80d1b, type: 2}
      propertyPath: cameras.Array.data[50]
      value: 
      objectReference: {fileID: 1506751358}
    - target: {fileID: 11433656, guid: 1ca8c6e960c494bbd937610290f80d1b, type: 2}
      propertyPath: cameras.Array.data[51]
      value: 
      objectReference: {fileID: 1506751358}
    - target: {fileID: 11433656, guid: 1ca8c6e960c494bbd937610290f80d1b, type: 2}
      propertyPath: cameras.Array.data[52]
      value: 
      objectReference: {fileID: 1506751358}
    - target: {fileID: 11433656, guid: 1ca8c6e960c494bbd937610290f80d1b, type: 2}
      propertyPath: cameras.Array.data[53]
      value: 
      objectReference: {fileID: 1506751358}
    - target: {fileID: 11433656, guid: 1ca8c6e960c494bbd937610290f80d1b, type: 2}
      propertyPath: bossComingTimer
      value: 5
      objectReference: {fileID: 0}
    - target: {fileID: 11433656, guid: 1ca8c6e960c494bbd937610290f80d1b, type: 2}
      propertyPath: tabSoundEvent
      value: event:/metagame/player/alt-tab/player_tab
      objectReference: {fileID: 0}
    - target: {fileID: 11433656, guid: 1ca8c6e960c494bbd937610290f80d1b, type: 2}
      propertyPath: bossFootstepsEvent
      value: event:/metagame/boss/boss_footsteps
      objectReference: {fileID: 0}
    - target: {fileID: 11433656, guid: 1ca8c6e960c494bbd937610290f80d1b, type: 2}
      propertyPath: waitingBoss
      value: 
      objectReference: {fileID: 1260179368}
    m_RemovedComponents: []
  m_ParentPrefab: {fileID: 100100000, guid: 1ca8c6e960c494bbd937610290f80d1b, type: 2}
  m_IsPrefabParent: 0
--- !u!1001 &365921721
Prefab:
  m_ObjectHideFlags: 0
  serializedVersion: 2
  m_Modification:
    m_TransformParent: {fileID: 736662717}
    m_Modifications:
    - target: {fileID: 4110526986586646, guid: 67457b4cc6c554c9eacd5b721f2bad39, type: 2}
      propertyPath: m_LocalPosition.x
      value: -912
      objectReference: {fileID: 0}
    - target: {fileID: 4110526986586646, guid: 67457b4cc6c554c9eacd5b721f2bad39, type: 2}
      propertyPath: m_LocalPosition.y
      value: -349
      objectReference: {fileID: 0}
    - target: {fileID: 4110526986586646, guid: 67457b4cc6c554c9eacd5b721f2bad39, type: 2}
      propertyPath: m_LocalPosition.z
      value: -10
      objectReference: {fileID: 0}
    - target: {fileID: 4110526986586646, guid: 67457b4cc6c554c9eacd5b721f2bad39, type: 2}
      propertyPath: m_LocalRotation.x
      value: -0
      objectReference: {fileID: 0}
    - target: {fileID: 4110526986586646, guid: 67457b4cc6c554c9eacd5b721f2bad39, type: 2}
      propertyPath: m_LocalRotation.y
      value: -0
      objectReference: {fileID: 0}
    - target: {fileID: 4110526986586646, guid: 67457b4cc6c554c9eacd5b721f2bad39, type: 2}
      propertyPath: m_LocalRotation.z
      value: -0
      objectReference: {fileID: 0}
    - target: {fileID: 4110526986586646, guid: 67457b4cc6c554c9eacd5b721f2bad39, type: 2}
      propertyPath: m_LocalRotation.w
      value: 1
      objectReference: {fileID: 0}
    - target: {fileID: 4110526986586646, guid: 67457b4cc6c554c9eacd5b721f2bad39, type: 2}
      propertyPath: m_RootOrder
      value: 0
      objectReference: {fileID: 0}
    - target: {fileID: 20600204954891910, guid: 67457b4cc6c554c9eacd5b721f2bad39,
        type: 2}
      propertyPath: m_BackGroundColor.r
      value: 0.7352941
      objectReference: {fileID: 0}
    - target: {fileID: 20600204954891910, guid: 67457b4cc6c554c9eacd5b721f2bad39,
        type: 2}
      propertyPath: m_BackGroundColor.g
      value: 0
      objectReference: {fileID: 0}
    - target: {fileID: 20600204954891910, guid: 67457b4cc6c554c9eacd5b721f2bad39,
        type: 2}
      propertyPath: m_BackGroundColor.b
      value: 0
      objectReference: {fileID: 0}
    - target: {fileID: 1334773632826494, guid: 67457b4cc6c554c9eacd5b721f2bad39, type: 2}
      propertyPath: m_IsActive
      value: 1
      objectReference: {fileID: 0}
    - target: {fileID: 1334773632826494, guid: 67457b4cc6c554c9eacd5b721f2bad39, type: 2}
      propertyPath: m_Name
      value: Youtube Camera
      objectReference: {fileID: 0}
    - target: {fileID: 1334773632826494, guid: 67457b4cc6c554c9eacd5b721f2bad39, type: 2}
      propertyPath: m_TagString
      value: Untagged
      objectReference: {fileID: 0}
    m_RemovedComponents:
    - {fileID: 0}
  m_ParentPrefab: {fileID: 100100000, guid: 67457b4cc6c554c9eacd5b721f2bad39, type: 2}
  m_IsPrefabParent: 0
--- !u!1001 &367995556
Prefab:
  m_ObjectHideFlags: 0
  serializedVersion: 2
  m_Modification:
    m_TransformParent: {fileID: 1985000549}
    m_Modifications:
    - target: {fileID: 4110526986586646, guid: 67457b4cc6c554c9eacd5b721f2bad39, type: 2}
      propertyPath: m_LocalPosition.x
      value: -2786
      objectReference: {fileID: 0}
    - target: {fileID: 4110526986586646, guid: 67457b4cc6c554c9eacd5b721f2bad39, type: 2}
      propertyPath: m_LocalPosition.y
      value: -349
      objectReference: {fileID: 0}
    - target: {fileID: 4110526986586646, guid: 67457b4cc6c554c9eacd5b721f2bad39, type: 2}
      propertyPath: m_LocalPosition.z
      value: -10
      objectReference: {fileID: 0}
    - target: {fileID: 4110526986586646, guid: 67457b4cc6c554c9eacd5b721f2bad39, type: 2}
      propertyPath: m_LocalRotation.x
      value: -0
      objectReference: {fileID: 0}
    - target: {fileID: 4110526986586646, guid: 67457b4cc6c554c9eacd5b721f2bad39, type: 2}
      propertyPath: m_LocalRotation.y
      value: -0
      objectReference: {fileID: 0}
    - target: {fileID: 4110526986586646, guid: 67457b4cc6c554c9eacd5b721f2bad39, type: 2}
      propertyPath: m_LocalRotation.z
      value: -0
      objectReference: {fileID: 0}
    - target: {fileID: 4110526986586646, guid: 67457b4cc6c554c9eacd5b721f2bad39, type: 2}
      propertyPath: m_LocalRotation.w
      value: 1
      objectReference: {fileID: 0}
    - target: {fileID: 4110526986586646, guid: 67457b4cc6c554c9eacd5b721f2bad39, type: 2}
      propertyPath: m_RootOrder
      value: 0
      objectReference: {fileID: 0}
    - target: {fileID: 20600204954891910, guid: 67457b4cc6c554c9eacd5b721f2bad39,
        type: 2}
      propertyPath: m_BackGroundColor.r
      value: 0
      objectReference: {fileID: 0}
    - target: {fileID: 20600204954891910, guid: 67457b4cc6c554c9eacd5b721f2bad39,
        type: 2}
      propertyPath: m_BackGroundColor.g
      value: 0.7352941
      objectReference: {fileID: 0}
    - target: {fileID: 20600204954891910, guid: 67457b4cc6c554c9eacd5b721f2bad39,
        type: 2}
      propertyPath: m_BackGroundColor.b
      value: 0.09634898
      objectReference: {fileID: 0}
    - target: {fileID: 1334773632826494, guid: 67457b4cc6c554c9eacd5b721f2bad39, type: 2}
      propertyPath: m_IsActive
      value: 1
      objectReference: {fileID: 0}
    - target: {fileID: 1334773632826494, guid: 67457b4cc6c554c9eacd5b721f2bad39, type: 2}
      propertyPath: m_TagString
      value: Untagged
      objectReference: {fileID: 0}
    m_RemovedComponents:
    - {fileID: 0}
  m_ParentPrefab: {fileID: 100100000, guid: 67457b4cc6c554c9eacd5b721f2bad39, type: 2}
  m_IsPrefabParent: 0
--- !u!1001 &420525847
Prefab:
  m_ObjectHideFlags: 0
  serializedVersion: 2
  m_Modification:
    m_TransformParent: {fileID: 2064320098}
    m_Modifications:
    - target: {fileID: 4535438413881812, guid: acc07c26b3c6e4da394130aad3cb097b, type: 2}
      propertyPath: m_LocalPosition.x
      value: 2012
      objectReference: {fileID: 0}
    - target: {fileID: 4535438413881812, guid: acc07c26b3c6e4da394130aad3cb097b, type: 2}
      propertyPath: m_LocalPosition.y
      value: -349
      objectReference: {fileID: 0}
    - target: {fileID: 4535438413881812, guid: acc07c26b3c6e4da394130aad3cb097b, type: 2}
      propertyPath: m_LocalPosition.z
      value: -10
      objectReference: {fileID: 0}
    - target: {fileID: 4535438413881812, guid: acc07c26b3c6e4da394130aad3cb097b, type: 2}
      propertyPath: m_LocalRotation.x
      value: -0
      objectReference: {fileID: 0}
    - target: {fileID: 4535438413881812, guid: acc07c26b3c6e4da394130aad3cb097b, type: 2}
      propertyPath: m_LocalRotation.y
      value: -0
      objectReference: {fileID: 0}
    - target: {fileID: 4535438413881812, guid: acc07c26b3c6e4da394130aad3cb097b, type: 2}
      propertyPath: m_LocalRotation.z
      value: -0
      objectReference: {fileID: 0}
    - target: {fileID: 4535438413881812, guid: acc07c26b3c6e4da394130aad3cb097b, type: 2}
      propertyPath: m_LocalRotation.w
      value: 1
      objectReference: {fileID: 0}
    - target: {fileID: 4535438413881812, guid: acc07c26b3c6e4da394130aad3cb097b, type: 2}
      propertyPath: m_RootOrder
      value: 0
      objectReference: {fileID: 0}
    - target: {fileID: 20891779315396616, guid: acc07c26b3c6e4da394130aad3cb097b,
        type: 2}
      propertyPath: m_Enabled
      value: 1
      objectReference: {fileID: 0}
    - target: {fileID: 81906367993037592, guid: acc07c26b3c6e4da394130aad3cb097b,
        type: 2}
      propertyPath: m_Enabled
      value: 0
      objectReference: {fileID: 0}
    m_RemovedComponents:
    - {fileID: 0}
  m_ParentPrefab: {fileID: 100100000, guid: acc07c26b3c6e4da394130aad3cb097b, type: 2}
  m_IsPrefabParent: 0
--- !u!1 &478322984
GameObject:
  m_ObjectHideFlags: 0
  m_PrefabParentObject: {fileID: 0}
  m_PrefabInternal: {fileID: 0}
  serializedVersion: 5
  m_Component:
  - component: {fileID: 478322985}
  - component: {fileID: 478322988}
  - component: {fileID: 478322987}
  - component: {fileID: 478322986}
  m_Layer: 5
  m_Name: Canvas
  m_TagString: Untagged
  m_Icon: {fileID: 0}
  m_NavMeshLayer: 0
  m_StaticEditorFlags: 0
  m_IsActive: 1
--- !u!224 &478322985
RectTransform:
  m_ObjectHideFlags: 0
  m_PrefabParentObject: {fileID: 0}
  m_PrefabInternal: {fileID: 0}
  m_GameObject: {fileID: 478322984}
  m_LocalRotation: {x: 0, y: 0, z: 0, w: 1}
  m_LocalPosition: {x: 0, y: 0, z: 0}
  m_LocalScale: {x: 0, y: 0, z: 0}
  m_Children:
  - {fileID: 270698616}
  m_Father: {fileID: 736662717}
  m_RootOrder: 1
  m_LocalEulerAnglesHint: {x: 0, y: 0, z: 0}
  m_AnchorMin: {x: 0, y: 0}
  m_AnchorMax: {x: 0, y: 0}
  m_AnchoredPosition: {x: 0, y: 0}
  m_SizeDelta: {x: 0, y: 0}
  m_Pivot: {x: 0, y: 0}
--- !u!114 &478322986
MonoBehaviour:
  m_ObjectHideFlags: 0
  m_PrefabParentObject: {fileID: 0}
  m_PrefabInternal: {fileID: 0}
  m_GameObject: {fileID: 478322984}
  m_Enabled: 1
  m_EditorHideFlags: 0
  m_Script: {fileID: 1301386320, guid: f70555f144d8491a825f0804e09c671c, type: 3}
  m_Name: 
  m_EditorClassIdentifier: 
  m_IgnoreReversedGraphics: 1
  m_BlockingObjects: 0
  m_BlockingMask:
    serializedVersion: 2
    m_Bits: 4294967295
--- !u!114 &478322987
MonoBehaviour:
  m_ObjectHideFlags: 0
  m_PrefabParentObject: {fileID: 0}
  m_PrefabInternal: {fileID: 0}
  m_GameObject: {fileID: 478322984}
  m_Enabled: 1
  m_EditorHideFlags: 0
  m_Script: {fileID: 1980459831, guid: f70555f144d8491a825f0804e09c671c, type: 3}
  m_Name: 
  m_EditorClassIdentifier: 
  m_UiScaleMode: 1
  m_ReferencePixelsPerUnit: 100
  m_ScaleFactor: 1
  m_ReferenceResolution: {x: 800, y: 600}
  m_ScreenMatchMode: 0
  m_MatchWidthOrHeight: 0
  m_PhysicalUnit: 3
  m_FallbackScreenDPI: 96
  m_DefaultSpriteDPI: 96
  m_DynamicPixelsPerUnit: 1
--- !u!223 &478322988
Canvas:
  m_ObjectHideFlags: 0
  m_PrefabParentObject: {fileID: 0}
  m_PrefabInternal: {fileID: 0}
  m_GameObject: {fileID: 478322984}
  m_Enabled: 1
  serializedVersion: 3
  m_RenderMode: 1
  m_Camera: {fileID: 1506751358}
  m_PlaneDistance: 100
  m_PixelPerfect: 0
  m_ReceivesEvents: 1
  m_OverrideSorting: 0
  m_OverridePixelPerfect: 0
  m_SortingBucketNormalizedSize: 0
  m_AdditionalShaderChannelsFlag: 0
  m_SortingLayerID: 0
  m_SortingOrder: 0
  m_TargetDisplay: 0
--- !u!1 &533008004
GameObject:
  m_ObjectHideFlags: 0
  m_PrefabParentObject: {fileID: 0}
  m_PrefabInternal: {fileID: 0}
  serializedVersion: 5
  m_Component:
  - component: {fileID: 533008005}
  - component: {fileID: 533008007}
  - component: {fileID: 533008006}
  m_Layer: 5
  m_Name: Desktop Image
  m_TagString: Untagged
  m_Icon: {fileID: 0}
  m_NavMeshLayer: 0
  m_StaticEditorFlags: 0
  m_IsActive: 1
--- !u!224 &533008005
RectTransform:
  m_ObjectHideFlags: 0
  m_PrefabParentObject: {fileID: 0}
  m_PrefabInternal: {fileID: 0}
  m_GameObject: {fileID: 533008004}
  m_LocalRotation: {x: -0, y: -0, z: -0, w: 1}
  m_LocalPosition: {x: 0, y: 0, z: -10}
  m_LocalScale: {x: 1, y: 1, z: 1}
  m_Children: []
  m_Father: {fileID: 1557412743}
  m_RootOrder: 0
  m_LocalEulerAnglesHint: {x: 0, y: 0, z: 0}
  m_AnchorMin: {x: 0, y: 0}
  m_AnchorMax: {x: 1, y: 1}
  m_AnchoredPosition: {x: 6.0000305, y: 41.99997}
  m_SizeDelta: {x: -132.00006, y: -152.00005}
  m_Pivot: {x: 0.5, y: 0.5}
--- !u!114 &533008006
MonoBehaviour:
  m_ObjectHideFlags: 0
  m_PrefabParentObject: {fileID: 0}
  m_PrefabInternal: {fileID: 0}
  m_GameObject: {fileID: 533008004}
  m_Enabled: 1
  m_EditorHideFlags: 0
  m_Script: {fileID: -765806418, guid: f70555f144d8491a825f0804e09c671c, type: 3}
  m_Name: 
  m_EditorClassIdentifier: 
  m_Material: {fileID: 0}
  m_Color: {r: 1, g: 1, b: 1, a: 1}
  m_RaycastTarget: 1
  m_OnCullStateChanged:
    m_PersistentCalls:
      m_Calls: []
    m_TypeName: UnityEngine.UI.MaskableGraphic+CullStateChangedEvent, UnityEngine.UI,
      Version=1.0.0.0, Culture=neutral, PublicKeyToken=null
  m_Sprite: {fileID: 21300000, guid: fb5619eb35f6f4178ad13dc01441bbfc, type: 3}
  m_Type: 0
  m_PreserveAspect: 0
  m_FillCenter: 1
  m_FillMethod: 4
  m_FillAmount: 1
  m_FillClockwise: 1
  m_FillOrigin: 0
--- !u!222 &533008007
CanvasRenderer:
  m_ObjectHideFlags: 0
  m_PrefabParentObject: {fileID: 0}
  m_PrefabInternal: {fileID: 0}
  m_GameObject: {fileID: 533008004}
--- !u!1 &570450224
GameObject:
  m_ObjectHideFlags: 0
  m_PrefabParentObject: {fileID: 0}
  m_PrefabInternal: {fileID: 0}
  serializedVersion: 5
  m_Component:
  - component: {fileID: 570450225}
  - component: {fileID: 570450227}
  - component: {fileID: 570450226}
  m_Layer: 0
  m_Name: TitleText
  m_TagString: Untagged
  m_Icon: {fileID: 0}
  m_NavMeshLayer: 0
  m_StaticEditorFlags: 0
  m_IsActive: 1
--- !u!224 &570450225
RectTransform:
  m_ObjectHideFlags: 0
  m_PrefabParentObject: {fileID: 0}
  m_PrefabInternal: {fileID: 0}
  m_GameObject: {fileID: 570450224}
  m_LocalRotation: {x: 0, y: 0, z: 0, w: 1}
  m_LocalPosition: {x: 0, y: 0, z: 0}
  m_LocalScale: {x: 1, y: 1, z: 1}
  m_Children: []
  m_Father: {fileID: 1055513798}
  m_RootOrder: 2
  m_LocalEulerAnglesHint: {x: 0, y: 0, z: 0}
  m_AnchorMin: {x: 1, y: 1}
  m_AnchorMax: {x: 1, y: 1}
  m_AnchoredPosition: {x: -170, y: -151.78027}
  m_SizeDelta: {x: 190, y: 30}
  m_Pivot: {x: 0.5, y: 0.5}
--- !u!114 &570450226
MonoBehaviour:
  m_ObjectHideFlags: 0
  m_PrefabParentObject: {fileID: 0}
  m_PrefabInternal: {fileID: 0}
  m_GameObject: {fileID: 570450224}
  m_Enabled: 1
  m_EditorHideFlags: 0
  m_Script: {fileID: 708705254, guid: f5f67c52d1564df4a8936ccd202a3bd8, type: 3}
  m_Name: 
  m_EditorClassIdentifier: 
  m_Material: {fileID: 0}
  m_Color: {r: 0, g: 0.08965492, b: 1, a: 1}
  m_RaycastTarget: 1
  m_OnCullStateChanged:
    m_PersistentCalls:
      m_Calls: []
    m_TypeName: UnityEngine.UI.MaskableGraphic+CullStateChangedEvent, UnityEngine.UI,
      Version=1.0.0.0, Culture=neutral, PublicKeyToken=null
  m_FontData:
    m_Font: {fileID: 10102, guid: 0000000000000000e000000000000000, type: 0}
    m_FontSize: 16
    m_FontStyle: 1
    m_BestFit: 0
    m_MinSize: 1
    m_MaxSize: 40
    m_Alignment: 0
    m_AlignByGeometry: 0
    m_RichText: 1
    m_HorizontalOverflow: 0
    m_VerticalOverflow: 0
    m_LineSpacing: 1
  m_Text: New Text
--- !u!222 &570450227
CanvasRenderer:
  m_ObjectHideFlags: 0
  m_PrefabParentObject: {fileID: 0}
  m_PrefabInternal: {fileID: 0}
  m_GameObject: {fileID: 570450224}
--- !u!1 &736662716
GameObject:
  m_ObjectHideFlags: 0
  m_PrefabParentObject: {fileID: 0}
  m_PrefabInternal: {fileID: 0}
  serializedVersion: 5
  m_Component:
  - component: {fileID: 736662717}
  m_Layer: 0
  m_Name: Youtube
  m_TagString: Untagged
  m_Icon: {fileID: 0}
  m_NavMeshLayer: 0
  m_StaticEditorFlags: 0
  m_IsActive: 1
--- !u!4 &736662717
Transform:
  m_ObjectHideFlags: 0
  m_PrefabParentObject: {fileID: 0}
  m_PrefabInternal: {fileID: 0}
  m_GameObject: {fileID: 736662716}
  m_LocalRotation: {x: 0, y: 0, z: 0, w: 1}
  m_LocalPosition: {x: 712, y: 384, z: 0}
  m_LocalScale: {x: 1, y: 1, z: 1}
  m_Children:
  - {fileID: 1506751354}
  - {fileID: 478322985}
  m_Father: {fileID: 0}
  m_RootOrder: 4
  m_LocalEulerAnglesHint: {x: 0, y: 0, z: 0}
--- !u!1 &849347067
GameObject:
  m_ObjectHideFlags: 0
  m_PrefabParentObject: {fileID: 1396736247855818, guid: acc07c26b3c6e4da394130aad3cb097b,
    type: 2}
  m_PrefabInternal: {fileID: 420525847}
  serializedVersion: 5
  m_Component:
  - component: {fileID: 849347072}
  - component: {fileID: 849347071}
  - component: {fileID: 849347070}
  - component: {fileID: 849347069}
  - component: {fileID: 849347073}
  m_Layer: 0
  m_Name: Main Camera
  m_TagString: MainCamera
  m_Icon: {fileID: -964228994112308473, guid: 0000000000000000d000000000000000, type: 0}
  m_NavMeshLayer: 0
  m_StaticEditorFlags: 0
  m_IsActive: 1
--- !u!92 &849347069
Behaviour:
  m_ObjectHideFlags: 0
  m_PrefabParentObject: {fileID: 92923169596487336, guid: acc07c26b3c6e4da394130aad3cb097b,
    type: 2}
  m_PrefabInternal: {fileID: 420525847}
  m_GameObject: {fileID: 849347067}
  m_Enabled: 1
--- !u!124 &849347070
Behaviour:
  m_ObjectHideFlags: 0
  m_PrefabParentObject: {fileID: 124820174340381392, guid: acc07c26b3c6e4da394130aad3cb097b,
    type: 2}
  m_PrefabInternal: {fileID: 420525847}
  m_GameObject: {fileID: 849347067}
  m_Enabled: 1
--- !u!20 &849347071
Camera:
  m_ObjectHideFlags: 0
  m_PrefabParentObject: {fileID: 20891779315396616, guid: acc07c26b3c6e4da394130aad3cb097b,
    type: 2}
  m_PrefabInternal: {fileID: 420525847}
  m_GameObject: {fileID: 849347067}
  m_Enabled: 1
  serializedVersion: 2
  m_ClearFlags: 1
  m_BackGroundColor: {r: 0.19215687, g: 0.3019608, b: 0.4745098, a: 0}
  m_NormalizedViewPortRect:
    serializedVersion: 2
    x: 0
    y: 0
    width: 1
    height: 1
  near clip plane: 0.3
  far clip plane: 1000
  field of view: 60
  orthographic: 1
  orthographic size: 5
  m_Depth: 0
  m_CullingMask:
    serializedVersion: 2
    m_Bits: 4294967295
  m_RenderingPath: -1
  m_TargetTexture: {fileID: 0}
  m_TargetDisplay: 0
  m_TargetEye: 3
  m_HDR: 1
  m_AllowMSAA: 1
  m_ForceIntoRT: 0
  m_OcclusionCulling: 1
  m_StereoConvergence: 10
  m_StereoSeparation: 0.022
  m_StereoMirrorMode: 0
--- !u!4 &849347072
Transform:
  m_ObjectHideFlags: 0
  m_PrefabParentObject: {fileID: 4535438413881812, guid: acc07c26b3c6e4da394130aad3cb097b,
    type: 2}
  m_PrefabInternal: {fileID: 420525847}
  m_GameObject: {fileID: 849347067}
  m_LocalRotation: {x: -0, y: -0, z: -0, w: 1}
  m_LocalPosition: {x: 2012, y: -349, z: -10}
  m_LocalScale: {x: 1, y: 1, z: 1}
  m_Children: []
  m_Father: {fileID: 2064320098}
  m_RootOrder: 0
  m_LocalEulerAnglesHint: {x: 0, y: 0, z: 0}
--- !u!114 &849347073
MonoBehaviour:
  m_ObjectHideFlags: 0
  m_PrefabParentObject: {fileID: 0}
  m_PrefabInternal: {fileID: 0}
  m_GameObject: {fileID: 849347067}
  m_Enabled: 1
  m_EditorHideFlags: 0
  m_Script: {fileID: 11500000, guid: 86c6556701af9e04380698b89f691b6e, type: 3}
  m_Name: 
  m_EditorClassIdentifier: 
  ListenerNumber: 0
--- !u!1 &900708062
GameObject:
  m_ObjectHideFlags: 0
  m_PrefabParentObject: {fileID: 1334773632826494, guid: 67457b4cc6c554c9eacd5b721f2bad39,
    type: 2}
  m_PrefabInternal: {fileID: 342112452}
  serializedVersion: 5
  m_Component:
  - component: {fileID: 900708067}
  - component: {fileID: 900708063}
  - component: {fileID: 900708066}
  - component: {fileID: 900708065}
  - component: {fileID: 900708064}
  m_Layer: 0
  m_Name: Facebook Camera
  m_TagString: Untagged
  m_Icon: {fileID: 3936346786652291628, guid: 0000000000000000d000000000000000, type: 0}
  m_NavMeshLayer: 0
  m_StaticEditorFlags: 0
  m_IsActive: 1
--- !u!20 &900708063
Camera:
  m_ObjectHideFlags: 0
  m_PrefabParentObject: {fileID: 20600204954891910, guid: 67457b4cc6c554c9eacd5b721f2bad39,
    type: 2}
  m_PrefabInternal: {fileID: 342112452}
  m_GameObject: {fileID: 900708062}
  m_Enabled: 1
  serializedVersion: 2
  m_ClearFlags: 1
  m_BackGroundColor: {r: 0, g: 0.006896496, b: 1, a: 0}
  m_NormalizedViewPortRect:
    serializedVersion: 2
    x: 0
    y: 0
    width: 1
    height: 1
  near clip plane: 0.3
  far clip plane: 1000
  field of view: 60
  orthographic: 1
  orthographic size: 5
  m_Depth: -1
  m_CullingMask:
    serializedVersion: 2
    m_Bits: 4294967295
  m_RenderingPath: -1
  m_TargetTexture: {fileID: 0}
  m_TargetDisplay: 0
  m_TargetEye: 3
  m_HDR: 0
  m_AllowMSAA: 1
  m_ForceIntoRT: 0
  m_OcclusionCulling: 1
  m_StereoConvergence: 10
  m_StereoSeparation: 0.022
  m_StereoMirrorMode: 0
--- !u!114 &900708064
MonoBehaviour:
  m_ObjectHideFlags: 0
  m_PrefabParentObject: {fileID: 0}
  m_PrefabInternal: {fileID: 0}
  m_GameObject: {fileID: 900708062}
  m_Enabled: 1
  m_EditorHideFlags: 0
  m_Script: {fileID: 11500000, guid: 86c6556701af9e04380698b89f691b6e, type: 3}
  m_Name: 
  m_EditorClassIdentifier: 
  ListenerNumber: 0
--- !u!92 &900708065
Behaviour:
  m_ObjectHideFlags: 0
  m_PrefabParentObject: {fileID: 92079066580890430, guid: 67457b4cc6c554c9eacd5b721f2bad39,
    type: 2}
  m_PrefabInternal: {fileID: 342112452}
  m_GameObject: {fileID: 900708062}
  m_Enabled: 1
--- !u!124 &900708066
Behaviour:
  m_ObjectHideFlags: 0
  m_PrefabParentObject: {fileID: 124152988133661558, guid: 67457b4cc6c554c9eacd5b721f2bad39,
    type: 2}
  m_PrefabInternal: {fileID: 342112452}
  m_GameObject: {fileID: 900708062}
  m_Enabled: 1
--- !u!4 &900708067
Transform:
  m_ObjectHideFlags: 0
  m_PrefabParentObject: {fileID: 4110526986586646, guid: 67457b4cc6c554c9eacd5b721f2bad39,
    type: 2}
  m_PrefabInternal: {fileID: 342112452}
  m_GameObject: {fileID: 900708062}
  m_LocalRotation: {x: -0, y: -0, z: -0, w: 1}
  m_LocalPosition: {x: -1012, y: 35, z: -10}
  m_LocalScale: {x: 1, y: 1, z: 1}
  m_Children: []
  m_Father: {fileID: 144754063}
  m_RootOrder: 0
  m_LocalEulerAnglesHint: {x: 0, y: 0, z: 0}
--- !u!1 &1055513797
GameObject:
  m_ObjectHideFlags: 0
  m_PrefabParentObject: {fileID: 0}
  m_PrefabInternal: {fileID: 0}
  serializedVersion: 5
  m_Component:
  - component: {fileID: 1055513798}
  - component: {fileID: 1055513801}
  - component: {fileID: 1055513800}
  - component: {fileID: 1055513799}
  m_Layer: 0
  m_Name: ExcelCanvas
  m_TagString: Untagged
  m_Icon: {fileID: 0}
  m_NavMeshLayer: 0
  m_StaticEditorFlags: 0
  m_IsActive: 1
--- !u!224 &1055513798
RectTransform:
  m_ObjectHideFlags: 0
  m_PrefabParentObject: {fileID: 0}
  m_PrefabInternal: {fileID: 0}
  m_GameObject: {fileID: 1055513797}
  m_LocalRotation: {x: 0, y: 0, z: 0, w: 1}
  m_LocalPosition: {x: 0, y: 0, z: 0}
  m_LocalScale: {x: 0, y: 0, z: 0}
  m_Children:
  - {fileID: 104125118}
  - {fileID: 1965859933}
  - {fileID: 570450225}
  - {fileID: 1662540098}
  - {fileID: 230718544}
  m_Father: {fileID: 1985000549}
  m_RootOrder: 1
  m_LocalEulerAnglesHint: {x: 0, y: 0, z: 0}
  m_AnchorMin: {x: 0, y: 0}
  m_AnchorMax: {x: 0, y: 0}
  m_AnchoredPosition: {x: 0, y: 0}
  m_SizeDelta: {x: 0, y: 0}
  m_Pivot: {x: 0, y: 0}
--- !u!114 &1055513799
MonoBehaviour:
  m_ObjectHideFlags: 0
  m_PrefabParentObject: {fileID: 0}
  m_PrefabInternal: {fileID: 0}
  m_GameObject: {fileID: 1055513797}
  m_Enabled: 1
  m_EditorHideFlags: 0
  m_Script: {fileID: 1301386320, guid: f70555f144d8491a825f0804e09c671c, type: 3}
  m_Name: 
  m_EditorClassIdentifier: 
  m_IgnoreReversedGraphics: 1
  m_BlockingObjects: 0
  m_BlockingMask:
    serializedVersion: 2
    m_Bits: 4294967295
--- !u!114 &1055513800
MonoBehaviour:
  m_ObjectHideFlags: 0
  m_PrefabParentObject: {fileID: 0}
  m_PrefabInternal: {fileID: 0}
  m_GameObject: {fileID: 1055513797}
  m_Enabled: 1
  m_EditorHideFlags: 0
  m_Script: {fileID: 1980459831, guid: f70555f144d8491a825f0804e09c671c, type: 3}
  m_Name: 
  m_EditorClassIdentifier: 
  m_UiScaleMode: 1
  m_ReferencePixelsPerUnit: 100
  m_ScaleFactor: 1
  m_ReferenceResolution: {x: 800, y: 600}
  m_ScreenMatchMode: 0
  m_MatchWidthOrHeight: 0
  m_PhysicalUnit: 3
  m_FallbackScreenDPI: 96
  m_DefaultSpriteDPI: 96
  m_DynamicPixelsPerUnit: 1
--- !u!223 &1055513801
Canvas:
  m_ObjectHideFlags: 0
  m_PrefabParentObject: {fileID: 0}
  m_PrefabInternal: {fileID: 0}
  m_GameObject: {fileID: 1055513797}
  m_Enabled: 1
  serializedVersion: 3
  m_RenderMode: 1
  m_Camera: {fileID: 325072659}
  m_PlaneDistance: 100
  m_PixelPerfect: 0
  m_ReceivesEvents: 1
  m_OverrideSorting: 0
  m_OverridePixelPerfect: 0
  m_SortingBucketNormalizedSize: 0
  m_AdditionalShaderChannelsFlag: 0
  m_SortingLayerID: 0
  m_SortingOrder: 0
  m_TargetDisplay: 0
--- !u!1001 &1124236075
Prefab:
  m_ObjectHideFlags: 0
  serializedVersion: 2
  m_Modification:
    m_TransformParent: {fileID: 0}
    m_Modifications:
    - target: {fileID: 409316, guid: 76cd81135280f4ad6a4fa80f6422aea2, type: 2}
      propertyPath: m_LocalPosition.x
      value: 0
      objectReference: {fileID: 0}
    - target: {fileID: 409316, guid: 76cd81135280f4ad6a4fa80f6422aea2, type: 2}
      propertyPath: m_LocalPosition.y
      value: 0
      objectReference: {fileID: 0}
    - target: {fileID: 409316, guid: 76cd81135280f4ad6a4fa80f6422aea2, type: 2}
      propertyPath: m_LocalPosition.z
      value: 0
      objectReference: {fileID: 0}
    - target: {fileID: 409316, guid: 76cd81135280f4ad6a4fa80f6422aea2, type: 2}
      propertyPath: m_LocalRotation.x
      value: 0
      objectReference: {fileID: 0}
    - target: {fileID: 409316, guid: 76cd81135280f4ad6a4fa80f6422aea2, type: 2}
      propertyPath: m_LocalRotation.y
      value: 0
      objectReference: {fileID: 0}
    - target: {fileID: 409316, guid: 76cd81135280f4ad6a4fa80f6422aea2, type: 2}
      propertyPath: m_LocalRotation.z
      value: 0
      objectReference: {fileID: 0}
    - target: {fileID: 409316, guid: 76cd81135280f4ad6a4fa80f6422aea2, type: 2}
      propertyPath: m_LocalRotation.w
      value: 1
      objectReference: {fileID: 0}
    - target: {fileID: 409316, guid: 76cd81135280f4ad6a4fa80f6422aea2, type: 2}
      propertyPath: m_RootOrder
      value: 1
      objectReference: {fileID: 0}
    - target: {fileID: 8209314, guid: 76cd81135280f4ad6a4fa80f6422aea2, type: 2}
      propertyPath: Priority
      value: 0
      objectReference: {fileID: 0}
    - target: {fileID: 8209316, guid: 76cd81135280f4ad6a4fa80f6422aea2, type: 2}
      propertyPath: m_Enabled
      value: 0
      objectReference: {fileID: 0}
    - target: {fileID: 8209314, guid: 76cd81135280f4ad6a4fa80f6422aea2, type: 2}
      propertyPath: m_Enabled
      value: 0
      objectReference: {fileID: 0}
    - target: {fileID: 11409316, guid: 76cd81135280f4ad6a4fa80f6422aea2, type: 2}
      propertyPath: m_Enabled
      value: 0
      objectReference: {fileID: 0}
    m_RemovedComponents: []
  m_ParentPrefab: {fileID: 100100000, guid: 76cd81135280f4ad6a4fa80f6422aea2, type: 2}
  m_IsPrefabParent: 0
--- !u!4 &1124557429 stripped
Transform:
  m_PrefabParentObject: {fileID: 4840016517042992, guid: 701403784697744c6bee297fb41ed4cd,
    type: 2}
  m_PrefabInternal: {fileID: 302189272}
--- !u!114 &1124557430 stripped
MonoBehaviour:
  m_PrefabParentObject: {fileID: 114991751399645264, guid: 701403784697744c6bee297fb41ed4cd,
    type: 2}
  m_PrefabInternal: {fileID: 302189272}
  m_Script: {fileID: 11500000, guid: 7da53eb018e944018bcedb8a3173a9eb, type: 3}
--- !u!1 &1126489334
GameObject:
  m_ObjectHideFlags: 0
  m_PrefabParentObject: {fileID: 0}
  m_PrefabInternal: {fileID: 0}
  serializedVersion: 5
  m_Component:
  - component: {fileID: 1126489335}
  - component: {fileID: 1126489337}
  - component: {fileID: 1126489336}
  m_Layer: 5
  m_Name: OverlayImage
  m_TagString: Untagged
  m_Icon: {fileID: 0}
  m_NavMeshLayer: 0
  m_StaticEditorFlags: 0
  m_IsActive: 1
--- !u!224 &1126489335
RectTransform:
  m_ObjectHideFlags: 0
  m_PrefabParentObject: {fileID: 0}
  m_PrefabInternal: {fileID: 0}
  m_GameObject: {fileID: 1126489334}
  m_LocalRotation: {x: 0, y: 0, z: 0, w: 1}
  m_LocalPosition: {x: 0, y: 0, z: 0}
  m_LocalScale: {x: 1, y: 1, z: 1}
  m_Children: []
  m_Father: {fileID: 1563974220}
  m_RootOrder: 0
  m_LocalEulerAnglesHint: {x: 0, y: 0, z: 0}
  m_AnchorMin: {x: 0, y: 0}
  m_AnchorMax: {x: 1, y: 1}
  m_AnchoredPosition: {x: 0, y: 0}
  m_SizeDelta: {x: 0, y: 0}
  m_Pivot: {x: 0.5, y: 0.5}
--- !u!114 &1126489336
MonoBehaviour:
  m_ObjectHideFlags: 0
  m_PrefabParentObject: {fileID: 0}
  m_PrefabInternal: {fileID: 0}
  m_GameObject: {fileID: 1126489334}
  m_Enabled: 1
  m_EditorHideFlags: 0
  m_Script: {fileID: -765806418, guid: f70555f144d8491a825f0804e09c671c, type: 3}
  m_Name: 
  m_EditorClassIdentifier: 
  m_Material: {fileID: 0}
  m_Color: {r: 0.68235296, g: 0.68235296, b: 0.75294125, a: 1}
  m_RaycastTarget: 1
  m_OnCullStateChanged:
    m_PersistentCalls:
      m_Calls: []
    m_TypeName: UnityEngine.UI.MaskableGraphic+CullStateChangedEvent, UnityEngine.UI,
      Version=1.0.0.0, Culture=neutral, PublicKeyToken=null
  m_Sprite: {fileID: 21300000, guid: dba6f56c687334939a7196f958fc55c8, type: 3}
  m_Type: 0
  m_PreserveAspect: 0
  m_FillCenter: 1
  m_FillMethod: 4
  m_FillAmount: 1
  m_FillClockwise: 1
  m_FillOrigin: 0
--- !u!222 &1126489337
CanvasRenderer:
  m_ObjectHideFlags: 0
  m_PrefabParentObject: {fileID: 0}
  m_PrefabInternal: {fileID: 0}
  m_GameObject: {fileID: 1126489334}
--- !u!1001 &1171643562
Prefab:
  m_ObjectHideFlags: 0
  serializedVersion: 2
  m_Modification:
    m_TransformParent: {fileID: 0}
    m_Modifications:
    - target: {fileID: 4209163120228082, guid: d747b5dbcf22d493087c5cb29fbce596, type: 2}
      propertyPath: m_LocalPosition.x
      value: 16.3
      objectReference: {fileID: 0}
    - target: {fileID: 4209163120228082, guid: d747b5dbcf22d493087c5cb29fbce596, type: 2}
      propertyPath: m_LocalPosition.y
      value: 7.3999996
      objectReference: {fileID: 0}
    - target: {fileID: 4209163120228082, guid: d747b5dbcf22d493087c5cb29fbce596, type: 2}
      propertyPath: m_LocalPosition.z
      value: 0
      objectReference: {fileID: 0}
    - target: {fileID: 4209163120228082, guid: d747b5dbcf22d493087c5cb29fbce596, type: 2}
      propertyPath: m_LocalRotation.x
      value: 0
      objectReference: {fileID: 0}
    - target: {fileID: 4209163120228082, guid: d747b5dbcf22d493087c5cb29fbce596, type: 2}
      propertyPath: m_LocalRotation.y
      value: 0
      objectReference: {fileID: 0}
    - target: {fileID: 4209163120228082, guid: d747b5dbcf22d493087c5cb29fbce596, type: 2}
      propertyPath: m_LocalRotation.z
      value: 0
      objectReference: {fileID: 0}
    - target: {fileID: 4209163120228082, guid: d747b5dbcf22d493087c5cb29fbce596, type: 2}
      propertyPath: m_LocalRotation.w
      value: 1
      objectReference: {fileID: 0}
    - target: {fileID: 4209163120228082, guid: d747b5dbcf22d493087c5cb29fbce596, type: 2}
      propertyPath: m_RootOrder
      value: 2
      objectReference: {fileID: 0}
    m_RemovedComponents: []
  m_ParentPrefab: {fileID: 100100000, guid: d747b5dbcf22d493087c5cb29fbce596, type: 2}
  m_IsPrefabParent: 0
--- !u!20 &1171643563 stripped
Camera:
  m_PrefabParentObject: {fileID: 20303926495441444, guid: d747b5dbcf22d493087c5cb29fbce596,
    type: 2}
  m_PrefabInternal: {fileID: 1171643562}
--- !u!1 &1260179366
GameObject:
  m_ObjectHideFlags: 0
  m_PrefabParentObject: {fileID: 0}
  m_PrefabInternal: {fileID: 0}
  serializedVersion: 5
  m_Component:
  - component: {fileID: 1260179367}
  - component: {fileID: 1260179369}
  - component: {fileID: 1260179368}
  m_Layer: 5
  m_Name: WaitingBoss
  m_TagString: Untagged
  m_Icon: {fileID: 0}
  m_NavMeshLayer: 0
  m_StaticEditorFlags: 0
  m_IsActive: 1
--- !u!224 &1260179367
RectTransform:
  m_ObjectHideFlags: 0
  m_PrefabParentObject: {fileID: 0}
  m_PrefabInternal: {fileID: 0}
  m_GameObject: {fileID: 1260179366}
  m_LocalRotation: {x: -0, y: -0, z: -0, w: 1}
  m_LocalPosition: {x: 0, y: 0, z: 0}
  m_LocalScale: {x: 1, y: 1, z: 1}
  m_Children: []
  m_Father: {fileID: 1563974220}
  m_RootOrder: 2
  m_LocalEulerAnglesHint: {x: 0, y: 0, z: 0}
  m_AnchorMin: {x: 0.5, y: 0.5}
  m_AnchorMax: {x: 0.5, y: 0.5}
  m_AnchoredPosition: {x: -266, y: -80.38501}
  m_SizeDelta: {x: 460, y: 712.77}
  m_Pivot: {x: 0.5, y: 0.5}
--- !u!114 &1260179368
MonoBehaviour:
  m_ObjectHideFlags: 0
  m_PrefabParentObject: {fileID: 0}
  m_PrefabInternal: {fileID: 0}
  m_GameObject: {fileID: 1260179366}
  m_Enabled: 1
  m_EditorHideFlags: 0
  m_Script: {fileID: -765806418, guid: f70555f144d8491a825f0804e09c671c, type: 3}
  m_Name: 
  m_EditorClassIdentifier: 
  m_Material: {fileID: 0}
  m_Color: {r: 1, g: 1, b: 1, a: 1}
  m_RaycastTarget: 1
  m_OnCullStateChanged:
    m_PersistentCalls:
      m_Calls: []
    m_TypeName: UnityEngine.UI.MaskableGraphic+CullStateChangedEvent, UnityEngine.UI,
      Version=1.0.0.0, Culture=neutral, PublicKeyToken=null
  m_Sprite: {fileID: 21300000, guid: 10ebfb732bb3e451e9813010af81198d, type: 3}
  m_Type: 0
  m_PreserveAspect: 0
  m_FillCenter: 1
  m_FillMethod: 4
  m_FillAmount: 1
  m_FillClockwise: 1
  m_FillOrigin: 0
--- !u!222 &1260179369
CanvasRenderer:
  m_ObjectHideFlags: 0
  m_PrefabParentObject: {fileID: 0}
  m_PrefabInternal: {fileID: 0}
  m_GameObject: {fileID: 1260179366}
--- !u!1001 &1288204139
Prefab:
  m_ObjectHideFlags: 0
  serializedVersion: 2
  m_Modification:
    m_TransformParent: {fileID: 1985000549}
    m_Modifications:
    - target: {fileID: 4390458752452942, guid: 8ef4e3f5b91cb457bb69b16b511fd17a, type: 2}
      propertyPath: m_LocalPosition.x
      value: -2778.9602
      objectReference: {fileID: 0}
    - target: {fileID: 4390458752452942, guid: 8ef4e3f5b91cb457bb69b16b511fd17a, type: 2}
      propertyPath: m_LocalPosition.y
      value: -347.20825
      objectReference: {fileID: 0}
    - target: {fileID: 4390458752452942, guid: 8ef4e3f5b91cb457bb69b16b511fd17a, type: 2}
      propertyPath: m_LocalPosition.z
      value: 90
      objectReference: {fileID: 0}
    - target: {fileID: 4390458752452942, guid: 8ef4e3f5b91cb457bb69b16b511fd17a, type: 2}
      propertyPath: m_LocalRotation.x
      value: -0
      objectReference: {fileID: 0}
    - target: {fileID: 4390458752452942, guid: 8ef4e3f5b91cb457bb69b16b511fd17a, type: 2}
      propertyPath: m_LocalRotation.y
      value: -0
      objectReference: {fileID: 0}
    - target: {fileID: 4390458752452942, guid: 8ef4e3f5b91cb457bb69b16b511fd17a, type: 2}
      propertyPath: m_LocalRotation.z
      value: -0
      objectReference: {fileID: 0}
    - target: {fileID: 4390458752452942, guid: 8ef4e3f5b91cb457bb69b16b511fd17a, type: 2}
      propertyPath: m_LocalRotation.w
      value: 1
      objectReference: {fileID: 0}
    - target: {fileID: 4390458752452942, guid: 8ef4e3f5b91cb457bb69b16b511fd17a, type: 2}
      propertyPath: m_RootOrder
      value: 3
      objectReference: {fileID: 0}
    - target: {fileID: 114823703610914530, guid: 8ef4e3f5b91cb457bb69b16b511fd17a,
        type: 2}
      propertyPath: equation
      value: 
      objectReference: {fileID: 1124557430}
    - target: {fileID: 114823703610914530, guid: 8ef4e3f5b91cb457bb69b16b511fd17a,
        type: 2}
      propertyPath: equationText
      value: 
      objectReference: {fileID: 230718545}
    - target: {fileID: 114823703610914530, guid: 8ef4e3f5b91cb457bb69b16b511fd17a,
        type: 2}
      propertyPath: titleText
      value: 
      objectReference: {fileID: 570450226}
    - target: {fileID: 114823703610914530, guid: 8ef4e3f5b91cb457bb69b16b511fd17a,
        type: 2}
      propertyPath: descriptionText
      value: 
      objectReference: {fileID: 1662540099}
    - target: {fileID: 114823703610914530, guid: 8ef4e3f5b91cb457bb69b16b511fd17a,
        type: 2}
      propertyPath: input
      value: 
      objectReference: {fileID: 1965859934}
    m_RemovedComponents: []
  m_ParentPrefab: {fileID: 100100000, guid: 8ef4e3f5b91cb457bb69b16b511fd17a, type: 2}
  m_IsPrefabParent: 0
--- !u!1 &1410265689
GameObject:
  m_ObjectHideFlags: 0
  m_PrefabParentObject: {fileID: 0}
  m_PrefabInternal: {fileID: 0}
  serializedVersion: 5
  m_Component:
  - component: {fileID: 1410265693}
  - component: {fileID: 1410265692}
  - component: {fileID: 1410265691}
  - component: {fileID: 1410265690}
  m_Layer: 5
  m_Name: Overlay Canvas
  m_TagString: Untagged
  m_Icon: {fileID: 0}
  m_NavMeshLayer: 0
  m_StaticEditorFlags: 0
  m_IsActive: 1
--- !u!114 &1410265690
MonoBehaviour:
  m_ObjectHideFlags: 0
  m_PrefabParentObject: {fileID: 0}
  m_PrefabInternal: {fileID: 0}
  m_GameObject: {fileID: 1410265689}
  m_Enabled: 1
  m_EditorHideFlags: 0
  m_Script: {fileID: 1301386320, guid: f5f67c52d1564df4a8936ccd202a3bd8, type: 3}
  m_Name: 
  m_EditorClassIdentifier: 
  m_IgnoreReversedGraphics: 1
  m_BlockingObjects: 0
  m_BlockingMask:
    serializedVersion: 2
    m_Bits: 4294967295
--- !u!114 &1410265691
MonoBehaviour:
  m_ObjectHideFlags: 0
  m_PrefabParentObject: {fileID: 0}
  m_PrefabInternal: {fileID: 0}
  m_GameObject: {fileID: 1410265689}
  m_Enabled: 1
  m_EditorHideFlags: 0
  m_Script: {fileID: 1980459831, guid: f5f67c52d1564df4a8936ccd202a3bd8, type: 3}
  m_Name: 
  m_EditorClassIdentifier: 
  m_UiScaleMode: 1
  m_ReferencePixelsPerUnit: 100
  m_ScaleFactor: 1
  m_ReferenceResolution: {x: 800, y: 600}
  m_ScreenMatchMode: 0
  m_MatchWidthOrHeight: 0
  m_PhysicalUnit: 3
  m_FallbackScreenDPI: 96
  m_DefaultSpriteDPI: 96
  m_DynamicPixelsPerUnit: 1
--- !u!223 &1410265692
Canvas:
  m_ObjectHideFlags: 0
  m_PrefabParentObject: {fileID: 0}
  m_PrefabInternal: {fileID: 0}
  m_GameObject: {fileID: 1410265689}
  m_Enabled: 1
  serializedVersion: 3
  m_RenderMode: 0
  m_Camera: {fileID: 849347071}
  m_PlaneDistance: 100
  m_PixelPerfect: 0
  m_ReceivesEvents: 1
  m_OverrideSorting: 0
  m_OverridePixelPerfect: 0
  m_SortingBucketNormalizedSize: 0
  m_AdditionalShaderChannelsFlag: 0
  m_SortingLayerID: 0
  m_SortingOrder: 0
  m_TargetDisplay: 0
--- !u!224 &1410265693
RectTransform:
  m_ObjectHideFlags: 0
  m_PrefabParentObject: {fileID: 0}
  m_PrefabInternal: {fileID: 0}
  m_GameObject: {fileID: 1410265689}
  m_LocalRotation: {x: 0, y: 0, z: 0, w: 1}
  m_LocalPosition: {x: 0, y: 0, z: 0}
  m_LocalScale: {x: 0, y: 0, z: 0}
  m_Children:
  - {fileID: 1563974220}
  m_Father: {fileID: 2064320098}
  m_RootOrder: 2
  m_LocalEulerAnglesHint: {x: 0, y: 0, z: 0}
  m_AnchorMin: {x: 0, y: 0}
  m_AnchorMax: {x: 0, y: 0}
  m_AnchoredPosition: {x: 0, y: 0}
  m_SizeDelta: {x: 0, y: 0}
  m_Pivot: {x: 0, y: 0}
--- !u!1 &1435939243
GameObject:
  m_ObjectHideFlags: 0
  m_PrefabParentObject: {fileID: 0}
  m_PrefabInternal: {fileID: 0}
  serializedVersion: 5
  m_Component:
  - component: {fileID: 1435939244}
  - component: {fileID: 1435939246}
  - component: {fileID: 1435939245}
  m_Layer: 0
  m_Name: Text
  m_TagString: Untagged
  m_Icon: {fileID: 0}
  m_NavMeshLayer: 0
  m_StaticEditorFlags: 0
  m_IsActive: 1
--- !u!224 &1435939244
RectTransform:
  m_ObjectHideFlags: 0
  m_PrefabParentObject: {fileID: 0}
  m_PrefabInternal: {fileID: 0}
  m_GameObject: {fileID: 1435939243}
  m_LocalRotation: {x: 0, y: 0, z: 0, w: 1}
  m_LocalPosition: {x: 0, y: 0, z: 0}
  m_LocalScale: {x: 1, y: 1, z: 1}
  m_Children: []
  m_Father: {fileID: 1965859933}
  m_RootOrder: 1
  m_LocalEulerAnglesHint: {x: 0, y: 0, z: 0}
  m_AnchorMin: {x: 0, y: 0}
  m_AnchorMax: {x: 1, y: 1}
  m_AnchoredPosition: {x: 0, y: -0.5}
  m_SizeDelta: {x: -20, y: -13}
  m_Pivot: {x: 0.5, y: 0.5}
--- !u!114 &1435939245
MonoBehaviour:
  m_ObjectHideFlags: 0
  m_PrefabParentObject: {fileID: 0}
  m_PrefabInternal: {fileID: 0}
  m_GameObject: {fileID: 1435939243}
  m_Enabled: 1
  m_EditorHideFlags: 0
  m_Script: {fileID: 708705254, guid: f5f67c52d1564df4a8936ccd202a3bd8, type: 3}
  m_Name: 
  m_EditorClassIdentifier: 
  m_Material: {fileID: 0}
  m_Color: {r: 0.19607843, g: 0.19607843, b: 0.19607843, a: 1}
  m_RaycastTarget: 1
  m_OnCullStateChanged:
    m_PersistentCalls:
      m_Calls: []
    m_TypeName: UnityEngine.UI.MaskableGraphic+CullStateChangedEvent, UnityEngine.UI,
      Version=1.0.0.0, Culture=neutral, PublicKeyToken=null
  m_FontData:
    m_Font: {fileID: 10102, guid: 0000000000000000e000000000000000, type: 0}
    m_FontSize: 14
    m_FontStyle: 0
    m_BestFit: 0
    m_MinSize: 10
    m_MaxSize: 40
    m_Alignment: 0
    m_AlignByGeometry: 0
    m_RichText: 0
    m_HorizontalOverflow: 1
    m_VerticalOverflow: 0
    m_LineSpacing: 1
  m_Text: 
--- !u!222 &1435939246
CanvasRenderer:
  m_ObjectHideFlags: 0
  m_PrefabParentObject: {fileID: 0}
  m_PrefabInternal: {fileID: 0}
  m_GameObject: {fileID: 1435939243}
--- !u!1 &1506751353
GameObject:
  m_ObjectHideFlags: 0
  m_PrefabParentObject: {fileID: 1334773632826494, guid: 67457b4cc6c554c9eacd5b721f2bad39,
    type: 2}
  m_PrefabInternal: {fileID: 365921721}
  serializedVersion: 5
  m_Component:
  - component: {fileID: 1506751354}
  - component: {fileID: 1506751358}
  - component: {fileID: 1506751357}
  - component: {fileID: 1506751356}
  - component: {fileID: 1506751355}
  m_Layer: 0
  m_Name: Youtube Camera
  m_TagString: Untagged
  m_Icon: {fileID: 3936346786652291628, guid: 0000000000000000d000000000000000, type: 0}
  m_NavMeshLayer: 0
  m_StaticEditorFlags: 0
  m_IsActive: 1
--- !u!4 &1506751354
Transform:
  m_ObjectHideFlags: 0
  m_PrefabParentObject: {fileID: 4110526986586646, guid: 67457b4cc6c554c9eacd5b721f2bad39,
    type: 2}
  m_PrefabInternal: {fileID: 365921721}
  m_GameObject: {fileID: 1506751353}
  m_LocalRotation: {x: -0, y: -0, z: -0, w: 1}
  m_LocalPosition: {x: -912, y: -349, z: -10}
  m_LocalScale: {x: 1, y: 1, z: 1}
  m_Children: []
  m_Father: {fileID: 736662717}
  m_RootOrder: 0
  m_LocalEulerAnglesHint: {x: 0, y: 0, z: 0}
--- !u!114 &1506751355
MonoBehaviour:
  m_ObjectHideFlags: 0
  m_PrefabParentObject: {fileID: 0}
  m_PrefabInternal: {fileID: 0}
  m_GameObject: {fileID: 1506751353}
  m_Enabled: 1
  m_EditorHideFlags: 0
  m_Script: {fileID: 11500000, guid: 86c6556701af9e04380698b89f691b6e, type: 3}
  m_Name: 
  m_EditorClassIdentifier: 
  ListenerNumber: 0
--- !u!92 &1506751356
Behaviour:
  m_ObjectHideFlags: 0
  m_PrefabParentObject: {fileID: 92079066580890430, guid: 67457b4cc6c554c9eacd5b721f2bad39,
    type: 2}
  m_PrefabInternal: {fileID: 365921721}
  m_GameObject: {fileID: 1506751353}
  m_Enabled: 1
--- !u!124 &1506751357
Behaviour:
  m_ObjectHideFlags: 0
  m_PrefabParentObject: {fileID: 124152988133661558, guid: 67457b4cc6c554c9eacd5b721f2bad39,
    type: 2}
  m_PrefabInternal: {fileID: 365921721}
  m_GameObject: {fileID: 1506751353}
  m_Enabled: 1
--- !u!20 &1506751358
Camera:
  m_ObjectHideFlags: 0
  m_PrefabParentObject: {fileID: 20600204954891910, guid: 67457b4cc6c554c9eacd5b721f2bad39,
    type: 2}
  m_PrefabInternal: {fileID: 365921721}
  m_GameObject: {fileID: 1506751353}
  m_Enabled: 1
  serializedVersion: 2
  m_ClearFlags: 1
  m_BackGroundColor: {r: 0.7352941, g: 0, b: 0, a: 0}
  m_NormalizedViewPortRect:
    serializedVersion: 2
    x: 0
    y: 0
    width: 1
    height: 1
  near clip plane: 0.3
  far clip plane: 1000
  field of view: 60
  orthographic: 1
  orthographic size: 5
  m_Depth: -1
  m_CullingMask:
    serializedVersion: 2
    m_Bits: 4294967295
  m_RenderingPath: -1
  m_TargetTexture: {fileID: 0}
  m_TargetDisplay: 0
  m_TargetEye: 3
  m_HDR: 0
  m_AllowMSAA: 1
  m_ForceIntoRT: 0
  m_OcclusionCulling: 1
  m_StereoConvergence: 10
  m_StereoSeparation: 0.022
  m_StereoMirrorMode: 0
--- !u!1 &1518290060
GameObject:
  m_ObjectHideFlags: 0
  m_PrefabParentObject: {fileID: 0}
  m_PrefabInternal: {fileID: 0}
  serializedVersion: 5
  m_Component:
  - component: {fileID: 1518290063}
  - component: {fileID: 1518290062}
  - component: {fileID: 1518290061}
  m_Layer: 0
  m_Name: EventSystem
  m_TagString: Untagged
  m_Icon: {fileID: 0}
  m_NavMeshLayer: 0
  m_StaticEditorFlags: 0
  m_IsActive: 1
--- !u!114 &1518290061
MonoBehaviour:
  m_ObjectHideFlags: 0
  m_PrefabParentObject: {fileID: 0}
  m_PrefabInternal: {fileID: 0}
  m_GameObject: {fileID: 1518290060}
  m_Enabled: 1
  m_EditorHideFlags: 0
  m_Script: {fileID: 1077351063, guid: f70555f144d8491a825f0804e09c671c, type: 3}
  m_Name: 
  m_EditorClassIdentifier: 
  m_HorizontalAxis: Horizontal
  m_VerticalAxis: Vertical
  m_SubmitButton: Submit
  m_CancelButton: Cancel
  m_InputActionsPerSecond: 10
  m_RepeatDelay: 0.5
  m_ForceModuleActive: 0
--- !u!114 &1518290062
MonoBehaviour:
  m_ObjectHideFlags: 0
  m_PrefabParentObject: {fileID: 0}
  m_PrefabInternal: {fileID: 0}
  m_GameObject: {fileID: 1518290060}
  m_Enabled: 1
  m_EditorHideFlags: 0
  m_Script: {fileID: -619905303, guid: f70555f144d8491a825f0804e09c671c, type: 3}
  m_Name: 
  m_EditorClassIdentifier: 
  m_FirstSelected: {fileID: 0}
  m_sendNavigationEvents: 1
  m_DragThreshold: 5
--- !u!4 &1518290063
Transform:
  m_ObjectHideFlags: 0
  m_PrefabParentObject: {fileID: 0}
  m_PrefabInternal: {fileID: 0}
  m_GameObject: {fileID: 1518290060}
  m_LocalRotation: {x: 0, y: 0, z: 0, w: 1}
  m_LocalPosition: {x: 0, y: 0, z: 0}
  m_LocalScale: {x: 1, y: 1, z: 1}
  m_Children: []
  m_Father: {fileID: 0}
  m_RootOrder: 6
  m_LocalEulerAnglesHint: {x: 0, y: 0, z: 0}
--- !u!1 &1557412742
GameObject:
  m_ObjectHideFlags: 0
  m_PrefabParentObject: {fileID: 0}
  m_PrefabInternal: {fileID: 0}
  serializedVersion: 5
  m_Component:
  - component: {fileID: 1557412743}
  - component: {fileID: 1557412746}
  - component: {fileID: 1557412745}
  - component: {fileID: 1557412744}
  m_Layer: 5
  m_Name: Desktop Canvas
  m_TagString: Untagged
  m_Icon: {fileID: 0}
  m_NavMeshLayer: 0
  m_StaticEditorFlags: 0
  m_IsActive: 1
--- !u!224 &1557412743
RectTransform:
  m_ObjectHideFlags: 0
  m_PrefabParentObject: {fileID: 0}
  m_PrefabInternal: {fileID: 0}
  m_GameObject: {fileID: 1557412742}
  m_LocalRotation: {x: 0, y: 0, z: 0, w: 1}
  m_LocalPosition: {x: 0, y: 0, z: 0}
  m_LocalScale: {x: 0, y: 0, z: 0}
  m_Children:
  - {fileID: 533008005}
  m_Father: {fileID: 2064320098}
  m_RootOrder: 1
  m_LocalEulerAnglesHint: {x: 0, y: 0, z: 0}
  m_AnchorMin: {x: 0, y: 0}
  m_AnchorMax: {x: 0, y: 0}
  m_AnchoredPosition: {x: 0, y: 0}
  m_SizeDelta: {x: 0, y: 0}
  m_Pivot: {x: 0, y: 0}
--- !u!114 &1557412744
MonoBehaviour:
  m_ObjectHideFlags: 0
  m_PrefabParentObject: {fileID: 0}
  m_PrefabInternal: {fileID: 0}
  m_GameObject: {fileID: 1557412742}
  m_Enabled: 1
  m_EditorHideFlags: 0
  m_Script: {fileID: 1301386320, guid: f70555f144d8491a825f0804e09c671c, type: 3}
  m_Name: 
  m_EditorClassIdentifier: 
  m_IgnoreReversedGraphics: 1
  m_BlockingObjects: 0
  m_BlockingMask:
    serializedVersion: 2
    m_Bits: 4294967295
--- !u!114 &1557412745
MonoBehaviour:
  m_ObjectHideFlags: 0
  m_PrefabParentObject: {fileID: 0}
  m_PrefabInternal: {fileID: 0}
  m_GameObject: {fileID: 1557412742}
  m_Enabled: 1
  m_EditorHideFlags: 0
  m_Script: {fileID: 1980459831, guid: f70555f144d8491a825f0804e09c671c, type: 3}
  m_Name: 
  m_EditorClassIdentifier: 
  m_UiScaleMode: 1
  m_ReferencePixelsPerUnit: 100
  m_ScaleFactor: 1
  m_ReferenceResolution: {x: 800, y: 600}
  m_ScreenMatchMode: 0
  m_MatchWidthOrHeight: 0
  m_PhysicalUnit: 3
  m_FallbackScreenDPI: 96
  m_DefaultSpriteDPI: 96
  m_DynamicPixelsPerUnit: 1
--- !u!223 &1557412746
Canvas:
  m_ObjectHideFlags: 0
  m_PrefabParentObject: {fileID: 0}
  m_PrefabInternal: {fileID: 0}
  m_GameObject: {fileID: 1557412742}
  m_Enabled: 1
  serializedVersion: 3
  m_RenderMode: 1
  m_Camera: {fileID: 849347071}
  m_PlaneDistance: 100
  m_PixelPerfect: 0
  m_ReceivesEvents: 1
  m_OverrideSorting: 0
  m_OverridePixelPerfect: 0
  m_SortingBucketNormalizedSize: 0
  m_AdditionalShaderChannelsFlag: 0
  m_SortingLayerID: 0
  m_SortingOrder: 0
  m_TargetDisplay: 0
--- !u!224 &1563974220
RectTransform:
  m_ObjectHideFlags: 0
  m_PrefabParentObject: {fileID: 224938627814373396, guid: 16a3825ad984442ad9ed4f1ea5652d57,
    type: 2}
  m_PrefabInternal: {fileID: 0}
  m_GameObject: {fileID: 1584804929}
  m_LocalRotation: {x: 0, y: 0, z: 0, w: 1}
  m_LocalPosition: {x: 0, y: 0, z: 0}
  m_LocalScale: {x: 1, y: 1, z: 1}
  m_Children:
  - {fileID: 1126489335}
  - {fileID: 1809229012}
  - {fileID: 1260179367}
  - {fileID: 25573133}
  m_Father: {fileID: 1410265693}
  m_RootOrder: 0
  m_LocalEulerAnglesHint: {x: 0, y: 0, z: 0}
  m_AnchorMin: {x: 0, y: 0}
  m_AnchorMax: {x: 1, y: 1}
  m_AnchoredPosition: {x: 0, y: 0}
  m_SizeDelta: {x: 0, y: 0}
  m_Pivot: {x: 0.5, y: 0.5}
--- !u!1 &1584804929
GameObject:
  m_ObjectHideFlags: 0
  m_PrefabParentObject: {fileID: 1880032861364130, guid: 16a3825ad984442ad9ed4f1ea5652d57,
    type: 2}
  m_PrefabInternal: {fileID: 0}
  serializedVersion: 5
  m_Component:
  - component: {fileID: 1563974220}
  - component: {fileID: 1584804930}
  m_Layer: 5
  m_Name: MainLevel
  m_TagString: Untagged
  m_Icon: {fileID: 0}
  m_NavMeshLayer: 0
  m_StaticEditorFlags: 0
  m_IsActive: 1
--- !u!222 &1584804930
CanvasRenderer:
  m_ObjectHideFlags: 0
  m_PrefabParentObject: {fileID: 222409182648454490, guid: 16a3825ad984442ad9ed4f1ea5652d57,
    type: 2}
  m_PrefabInternal: {fileID: 0}
  m_GameObject: {fileID: 1584804929}
--- !u!1 &1662540097
GameObject:
  m_ObjectHideFlags: 0
  m_PrefabParentObject: {fileID: 0}
  m_PrefabInternal: {fileID: 0}
  serializedVersion: 5
  m_Component:
  - component: {fileID: 1662540098}
  - component: {fileID: 1662540100}
  - component: {fileID: 1662540099}
  m_Layer: 0
  m_Name: DescriptionText
  m_TagString: Untagged
  m_Icon: {fileID: 0}
  m_NavMeshLayer: 0
  m_StaticEditorFlags: 0
  m_IsActive: 1
--- !u!224 &1662540098
RectTransform:
  m_ObjectHideFlags: 0
  m_PrefabParentObject: {fileID: 0}
  m_PrefabInternal: {fileID: 0}
  m_GameObject: {fileID: 1662540097}
  m_LocalRotation: {x: 0, y: 0, z: 0, w: 1}
  m_LocalPosition: {x: 0, y: 0, z: 0}
  m_LocalScale: {x: 1, y: 1, z: 1}
  m_Children: []
  m_Father: {fileID: 1055513798}
  m_RootOrder: 3
  m_LocalEulerAnglesHint: {x: 0, y: 0, z: 0}
  m_AnchorMin: {x: 1, y: 0.5}
  m_AnchorMax: {x: 1, y: 0.5}
  m_AnchoredPosition: {x: -170, y: 103.22}
  m_SizeDelta: {x: 190, y: 60}
  m_Pivot: {x: 0.5, y: 0.5}
--- !u!114 &1662540099
MonoBehaviour:
  m_ObjectHideFlags: 0
  m_PrefabParentObject: {fileID: 0}
  m_PrefabInternal: {fileID: 0}
  m_GameObject: {fileID: 1662540097}
  m_Enabled: 1
  m_EditorHideFlags: 0
  m_Script: {fileID: 708705254, guid: f5f67c52d1564df4a8936ccd202a3bd8, type: 3}
  m_Name: 
  m_EditorClassIdentifier: 
  m_Material: {fileID: 0}
  m_Color: {r: 0.19607843, g: 0.19607843, b: 0.19607843, a: 1}
  m_RaycastTarget: 1
  m_OnCullStateChanged:
    m_PersistentCalls:
      m_Calls: []
    m_TypeName: UnityEngine.UI.MaskableGraphic+CullStateChangedEvent, UnityEngine.UI,
      Version=1.0.0.0, Culture=neutral, PublicKeyToken=null
  m_FontData:
    m_Font: {fileID: 10102, guid: 0000000000000000e000000000000000, type: 0}
    m_FontSize: 14
    m_FontStyle: 0
    m_BestFit: 0
    m_MinSize: 10
    m_MaxSize: 40
    m_Alignment: 0
    m_AlignByGeometry: 0
    m_RichText: 1
    m_HorizontalOverflow: 0
    m_VerticalOverflow: 0
    m_LineSpacing: 1
  m_Text: New Text
--- !u!222 &1662540100
CanvasRenderer:
  m_ObjectHideFlags: 0
  m_PrefabParentObject: {fileID: 0}
  m_PrefabInternal: {fileID: 0}
  m_GameObject: {fileID: 1662540097}
--- !u!1 &1679188512
GameObject:
  m_ObjectHideFlags: 0
  m_PrefabParentObject: {fileID: 0}
  m_PrefabInternal: {fileID: 0}
  serializedVersion: 5
  m_Component:
  - component: {fileID: 1679188513}
  - component: {fileID: 1679188515}
  - component: {fileID: 1679188514}
  m_Layer: 5
  m_Name: CatTube Screenshot
  m_TagString: Untagged
  m_Icon: {fileID: 0}
  m_NavMeshLayer: 0
  m_StaticEditorFlags: 0
  m_IsActive: 1
--- !u!224 &1679188513
RectTransform:
  m_ObjectHideFlags: 0
  m_PrefabParentObject: {fileID: 0}
  m_PrefabInternal: {fileID: 0}
  m_GameObject: {fileID: 1679188512}
  m_LocalRotation: {x: 0, y: 0, z: 0, w: 1}
  m_LocalPosition: {x: 0, y: 0, z: 0}
  m_LocalScale: {x: 1, y: 1, z: 1}
  m_Children: []
  m_Father: {fileID: 3677190}
  m_RootOrder: 0
  m_LocalEulerAnglesHint: {x: 0, y: 0, z: 0}
  m_AnchorMin: {x: 0, y: 0}
  m_AnchorMax: {x: 1, y: 1}
  m_AnchoredPosition: {x: 6, y: 42}
  m_SizeDelta: {x: -132, y: -152}
  m_Pivot: {x: 0.5, y: 0.5}
--- !u!114 &1679188514
MonoBehaviour:
  m_ObjectHideFlags: 0
  m_PrefabParentObject: {fileID: 0}
  m_PrefabInternal: {fileID: 0}
  m_GameObject: {fileID: 1679188512}
  m_Enabled: 1
  m_EditorHideFlags: 0
  m_Script: {fileID: -765806418, guid: f70555f144d8491a825f0804e09c671c, type: 3}
  m_Name: 
  m_EditorClassIdentifier: 
  m_Material: {fileID: 0}
  m_Color: {r: 1, g: 1, b: 1, a: 1}
  m_RaycastTarget: 1
  m_OnCullStateChanged:
    m_PersistentCalls:
      m_Calls: []
    m_TypeName: UnityEngine.UI.MaskableGraphic+CullStateChangedEvent, UnityEngine.UI,
      Version=1.0.0.0, Culture=neutral, PublicKeyToken=null
  m_Sprite: {fileID: 21300000, guid: 1000f6baaedc34c7b91f82a0e410dd73, type: 3}
  m_Type: 0
  m_PreserveAspect: 0
  m_FillCenter: 1
  m_FillMethod: 4
  m_FillAmount: 1
  m_FillClockwise: 1
  m_FillOrigin: 0
--- !u!222 &1679188515
CanvasRenderer:
  m_ObjectHideFlags: 0
  m_PrefabParentObject: {fileID: 0}
  m_PrefabInternal: {fileID: 0}
  m_GameObject: {fileID: 1679188512}
--- !u!1 &1809229011
GameObject:
  m_ObjectHideFlags: 0
  m_PrefabParentObject: {fileID: 0}
  m_PrefabInternal: {fileID: 0}
  serializedVersion: 5
  m_Component:
  - component: {fileID: 1809229012}
  - component: {fileID: 1809229014}
  - component: {fileID: 1809229013}
  m_Layer: 5
  m_Name: Boss
  m_TagString: Untagged
  m_Icon: {fileID: 0}
  m_NavMeshLayer: 0
  m_StaticEditorFlags: 0
  m_IsActive: 1
--- !u!224 &1809229012
RectTransform:
  m_ObjectHideFlags: 0
  m_PrefabParentObject: {fileID: 0}
  m_PrefabInternal: {fileID: 0}
  m_GameObject: {fileID: 1809229011}
  m_LocalRotation: {x: -0, y: -0, z: -0, w: 1}
  m_LocalPosition: {x: 0, y: 0, z: 0}
  m_LocalScale: {x: 1, y: 1, z: 1}
  m_Children: []
  m_Father: {fileID: 1563974220}
  m_RootOrder: 1
  m_LocalEulerAnglesHint: {x: 0, y: 0, z: 0}
  m_AnchorMin: {x: 0, y: 0}
  m_AnchorMax: {x: 1, y: 1}
  m_AnchoredPosition: {x: -236, y: -12}
  m_SizeDelta: {x: -528, y: -24}
  m_Pivot: {x: 0.5, y: 0.5}
--- !u!114 &1809229013
MonoBehaviour:
  m_ObjectHideFlags: 0
  m_PrefabParentObject: {fileID: 0}
  m_PrefabInternal: {fileID: 0}
  m_GameObject: {fileID: 1809229011}
  m_Enabled: 1
  m_EditorHideFlags: 0
  m_Script: {fileID: -765806418, guid: f70555f144d8491a825f0804e09c671c, type: 3}
  m_Name: 
  m_EditorClassIdentifier: 
  m_Material: {fileID: 0}
  m_Color: {r: 1, g: 1, b: 1, a: 1}
  m_RaycastTarget: 1
  m_OnCullStateChanged:
    m_PersistentCalls:
      m_Calls: []
    m_TypeName: UnityEngine.UI.MaskableGraphic+CullStateChangedEvent, UnityEngine.UI,
      Version=1.0.0.0, Culture=neutral, PublicKeyToken=null
  m_Sprite: {fileID: 21300000, guid: bcb63854d09c1465d9f700d5fccba38b, type: 3}
  m_Type: 0
  m_PreserveAspect: 0
  m_FillCenter: 1
  m_FillMethod: 4
  m_FillAmount: 1
  m_FillClockwise: 1
  m_FillOrigin: 0
--- !u!222 &1809229014
CanvasRenderer:
  m_ObjectHideFlags: 0
  m_PrefabParentObject: {fileID: 0}
  m_PrefabInternal: {fileID: 0}
  m_GameObject: {fileID: 1809229011}
--- !u!1 &1965859932
GameObject:
  m_ObjectHideFlags: 0
  m_PrefabParentObject: {fileID: 0}
  m_PrefabInternal: {fileID: 0}
  serializedVersion: 5
  m_Component:
  - component: {fileID: 1965859933}
  - component: {fileID: 1965859936}
  - component: {fileID: 1965859935}
  - component: {fileID: 1965859934}
  m_Layer: 0
  m_Name: InputField
  m_TagString: Untagged
  m_Icon: {fileID: 0}
  m_NavMeshLayer: 0
  m_StaticEditorFlags: 0
  m_IsActive: 1
--- !u!224 &1965859933
RectTransform:
  m_ObjectHideFlags: 0
  m_PrefabParentObject: {fileID: 0}
  m_PrefabInternal: {fileID: 0}
  m_GameObject: {fileID: 1965859932}
  m_LocalRotation: {x: -0, y: -0, z: -0, w: 1}
  m_LocalPosition: {x: 0, y: 0, z: 0}
  m_LocalScale: {x: 1, y: 1, z: 1}
  m_Children:
  - {fileID: 34189222}
  - {fileID: 1435939244}
  m_Father: {fileID: 1055513798}
  m_RootOrder: 1
  m_LocalEulerAnglesHint: {x: 0, y: 0, z: 0}
  m_AnchorMin: {x: 1, y: 0.5}
  m_AnchorMax: {x: 1, y: 0.5}
  m_AnchoredPosition: {x: -185, y: 0}
  m_SizeDelta: {x: 160, y: 30}
  m_Pivot: {x: 0.5, y: 0.5}
--- !u!114 &1965859934
MonoBehaviour:
  m_ObjectHideFlags: 0
  m_PrefabParentObject: {fileID: 0}
  m_PrefabInternal: {fileID: 0}
  m_GameObject: {fileID: 1965859932}
  m_Enabled: 1
  m_EditorHideFlags: 0
  m_Script: {fileID: 575553740, guid: f5f67c52d1564df4a8936ccd202a3bd8, type: 3}
  m_Name: 
  m_EditorClassIdentifier: 
  m_Navigation:
    m_Mode: 3
    m_SelectOnUp: {fileID: 1965859934}
    m_SelectOnDown: {fileID: 0}
    m_SelectOnLeft: {fileID: 0}
    m_SelectOnRight: {fileID: 0}
  m_Transition: 1
  m_Colors:
    m_NormalColor: {r: 1, g: 1, b: 1, a: 1}
    m_HighlightedColor: {r: 0.9607843, g: 0.9607843, b: 0.9607843, a: 1}
    m_PressedColor: {r: 0.78431374, g: 0.78431374, b: 0.78431374, a: 1}
    m_DisabledColor: {r: 0.78431374, g: 0.78431374, b: 0.78431374, a: 0.5019608}
    m_ColorMultiplier: 1
    m_FadeDuration: 0.1
  m_SpriteState:
    m_HighlightedSprite: {fileID: 0}
    m_PressedSprite: {fileID: 0}
    m_DisabledSprite: {fileID: 0}
  m_AnimationTriggers:
    m_NormalTrigger: Normal
    m_HighlightedTrigger: Highlighted
    m_PressedTrigger: Pressed
    m_DisabledTrigger: Disabled
  m_Interactable: 1
  m_TargetGraphic: {fileID: 1965859935}
  m_TextComponent: {fileID: 1435939245}
  m_Placeholder: {fileID: 34189223}
  m_ContentType: 0
  m_InputType: 0
  m_AsteriskChar: 42
  m_KeyboardType: 0
  m_LineType: 0
  m_HideMobileInput: 0
  m_CharacterValidation: 0
  m_CharacterLimit: 0
  m_OnEndEdit:
    m_PersistentCalls:
      m_Calls: []
    m_TypeName: UnityEngine.UI.InputField+SubmitEvent, UnityEngine.UI, Version=1.0.0.0,
      Culture=neutral, PublicKeyToken=null
  m_OnValueChanged:
    m_PersistentCalls:
      m_Calls: []
    m_TypeName: UnityEngine.UI.InputField+OnChangeEvent, UnityEngine.UI, Version=1.0.0.0,
      Culture=neutral, PublicKeyToken=null
  m_CaretColor: {r: 0.19607843, g: 0.19607843, b: 0.19607843, a: 1}
  m_CustomCaretColor: 0
  m_SelectionColor: {r: 0.65882355, g: 0.80784315, b: 1, a: 0.7529412}
  m_Text: 
  m_CaretBlinkRate: 0.85
  m_CaretWidth: 1
  m_ReadOnly: 0
--- !u!114 &1965859935
MonoBehaviour:
  m_ObjectHideFlags: 0
  m_PrefabParentObject: {fileID: 0}
  m_PrefabInternal: {fileID: 0}
  m_GameObject: {fileID: 1965859932}
  m_Enabled: 1
  m_EditorHideFlags: 0
  m_Script: {fileID: -765806418, guid: f5f67c52d1564df4a8936ccd202a3bd8, type: 3}
  m_Name: 
  m_EditorClassIdentifier: 
  m_Material: {fileID: 0}
  m_Color: {r: 1, g: 1, b: 1, a: 1}
  m_RaycastTarget: 1
  m_OnCullStateChanged:
    m_PersistentCalls:
      m_Calls: []
    m_TypeName: UnityEngine.UI.MaskableGraphic+CullStateChangedEvent, UnityEngine.UI,
      Version=1.0.0.0, Culture=neutral, PublicKeyToken=null
  m_Sprite: {fileID: 10911, guid: 0000000000000000f000000000000000, type: 0}
  m_Type: 1
  m_PreserveAspect: 0
  m_FillCenter: 1
  m_FillMethod: 4
  m_FillAmount: 1
  m_FillClockwise: 1
  m_FillOrigin: 0
--- !u!222 &1965859936
CanvasRenderer:
  m_ObjectHideFlags: 0
  m_PrefabParentObject: {fileID: 0}
  m_PrefabInternal: {fileID: 0}
  m_GameObject: {fileID: 1965859932}
--- !u!1 &1985000548
GameObject:
  m_ObjectHideFlags: 0
  m_PrefabParentObject: {fileID: 0}
  m_PrefabInternal: {fileID: 0}
  serializedVersion: 5
  m_Component:
  - component: {fileID: 1985000549}
  m_Layer: 0
  m_Name: Excel
  m_TagString: Untagged
  m_Icon: {fileID: 0}
  m_NavMeshLayer: 0
  m_StaticEditorFlags: 0
  m_IsActive: 1
--- !u!4 &1985000549
Transform:
  m_ObjectHideFlags: 0
  m_PrefabParentObject: {fileID: 0}
  m_PrefabInternal: {fileID: 0}
  m_GameObject: {fileID: 1985000548}
  m_LocalRotation: {x: 0, y: 0, z: 0, w: 1}
  m_LocalPosition: {x: 512, y: 384, z: 0}
  m_LocalScale: {x: 1, y: 1, z: 1}
  m_Children:
  - {fileID: 325072660}
  - {fileID: 1055513798}
  - {fileID: 1124557429}
  - {fileID: 2065979093}
  m_Father: {fileID: 0}
  m_RootOrder: 3
  m_LocalEulerAnglesHint: {x: 0, y: 0, z: 0}
--- !u!1 &2064320097
GameObject:
  m_ObjectHideFlags: 0
  m_PrefabParentObject: {fileID: 0}
  m_PrefabInternal: {fileID: 0}
  serializedVersion: 5
  m_Component:
  - component: {fileID: 2064320098}
  m_Layer: 0
  m_Name: Main
  m_TagString: Untagged
  m_Icon: {fileID: 0}
  m_NavMeshLayer: 0
  m_StaticEditorFlags: 0
  m_IsActive: 1
--- !u!4 &2064320098
Transform:
  m_ObjectHideFlags: 0
  m_PrefabParentObject: {fileID: 0}
  m_PrefabInternal: {fileID: 0}
  m_GameObject: {fileID: 2064320097}
  m_LocalRotation: {x: 0, y: 0, z: 0, w: 1}
  m_LocalPosition: {x: 512, y: 384, z: 0}
  m_LocalScale: {x: 1, y: 1, z: 1}
  m_Children:
  - {fileID: 849347072}
  - {fileID: 1557412743}
  - {fileID: 1410265693}
  m_Father: {fileID: 0}
  m_RootOrder: 5
  m_LocalEulerAnglesHint: {x: 0, y: 0, z: 0}
--- !u!4 &2065979093 stripped
Transform:
  m_PrefabParentObject: {fileID: 4390458752452942, guid: 8ef4e3f5b91cb457bb69b16b511fd17a,
    type: 2}
  m_PrefabInternal: {fileID: 1288204139}
